1857 3113
885 227 932 263 77

313 344 355 370 ea
384 332 428 372 de
467 322 544 372 toto
584 346 718 385 genere
759 332 917 384 intelligi
957 332 1105 371 debeat.
1167 333 1295 371 Falsus
1329 332 1504 385 deinceps

313 408 350 445 in
380 423 423 447 eo
451 417 504 447 est
534 407 757 446 Hauthalius
796 407 897 460 quod
928 414 1119 460 quantum
1149 410 1187 447 in
1217 410 1299 447 loco
1336 409 1502 454 Lucani,

314 482 367 531 (Ι,
400 484 492 528 259,
513 483 614 534 sqq.)
646 497 665 519 a
694 482 824 520 Iahnio
857 482 888 533 1)
921 482 1049 528 citato,
1079 496 1148 534 pro
1169 483 1344 521 adverbio
1372 483 1502 528 habet,

311 563 438 593 nostro
467 563 592 594 autem
623 570 728 593 versu
755 570 823 609 pro
853 556 1049 594 adiectivo.
1090 556 1264 607 Utroque
1295 557 1394 593 enim
1423 556 1506 592 loco

310 634 501 680 quantum
530 638 583 668 est
611 638 788 668 neutrum
807 661 816 677 ‚
855 631 1086 669 substantive
1112 633 1276 684 positum
1309 638 1346 668 et
1371 630 1503 667 eodem

309 703 422 740 modo
442 703 606 756 elliptice
625 705 789 753 dictum3
823 706 920 757 apud
942 707 1137 744 Lucanum
1158 720 1247 758 pro:
1277 711 1378 742 tanta
1398 704 1504 754 quies

309 785 493 826 quantum
521 778 711 815 silentium
731 786 784 816 est
811 779 913 830 quod
937 794 1022 817 arva
1043 780 1153 817 silent
1172 793 1180 825 ;
1214 778 1313 831 apud
1334 785 1503 815 nostrum

308 862 396 901 pro:
426 857 551 888 tantae
568 851 718 903 linguae
739 860 922 904 quantum
953 853 989 890 id
1018 853 1169 904 linguae
1197 860 1251 889 est
1280 852 1383 903 quod
1402 852 1504 889 canis

310 923 431 974 Apula
450 925 561 963 sitiat.
597 926 703 974 Quod
722 934 848 964 autem
867 927 905 964 in
926 934 1086 978 utraque
1116 927 1277 964 lectione
1297 925 1501 977 reprehen-

309 998 382 1043 dit,
416 1012 498 1036 eam
526 1000 637 1036 nimis
670 999 854 1040 δεικτικῶς
884 1000 1002 1051 ipsam
1023 1000 1173 1051 linguae
1205 999 1504 1050 magnitudinem

308 1073 469 1119 emetiri,
486 1074 523 1110 id
538 1081 684 1112 tantum
702 1075 804 1112 abest
819 1082 861 1112 ut
879 1074 1081 1111 molestum
1101 1074 1160 1119 sit,
1182 1082 1223 1111 ut
1242 1074 1366 1126 potius
1383 1072 1503 1111 valeat

308 1146 353 1183 ad
372 1148 446 1183 vim
467 1149 648 1186 comicum
674 1148 899 1200 augendam.
932 1148 1128 1185 Praeterea
1153 1148 1298 1184 etiamsi
1328 1147 1503 1184 tollamus

308 1225 463 1257 tantum
488 1222 546 1258 vel
575 1228 728 1267 tantae,
750 1222 996 1259 nihilominus
1016 1222 1062 1259 ad
1092 1227 1283 1273 quantum
1312 1234 1450 1258 nomen
1469 1220 1503 1257 ei

308 1294 572 1333 correlativum
601 1303 727 1333 mente
757 1294 1029 1347 supplebimus,
1061 1303 1173 1346 atque
1202 1296 1252 1332 ita
1283 1308 1338 1332 res
1368 1293 1502 1331 eodem

307 1367 456 1405 redibit.
514 1368 701 1406 Lectionis
730 1376 856 1406 autem
886 1382 997 1419 quam
1032 1369 1110 1421 ipse
1137 1368 1316 1420 proponit
1348 1366 1500 1417 vestigia

306 1442 345 1479 in
374 1441 569 1480 scholiasta
598 1456 634 1480 se
664 1442 840 1493 reperisse
873 1441 1034 1480 laetatur
1077 1441 1301 1479 Hauthalius
1329 1440 1393 1491 2),
1435 1438 1499 1477 sed

306 1530 434 1554 vereor
460 1530 507 1553 ne
536 1517 646 1554 nimis
675 1524 827 1567 argute,
858 1523 899 1553 ut
926 1517 1038 1554 etiam
1069 1517 1159 1554 alibi
1188 1518 1243 1565 3),
1274 1516 1352 1553 eius
1388 1514 1499 1552 verba

307 1598 466 1628 sectatus
508 1590 566 1628 sit.
645 1589 815 1629 coniecit
854 1590 968 1642 igitur
1009 1596 1148 1637 caute,
1192 1590 1406 1627 vocativum
1454 1588 1500 1624 ad

307 1664 408 1702 Iane
436 1665 673 1703 referendum
694 1695 702 1710 ,
745 1666 846 1716 quod
881 1665 1109 1703 vocabulum
1127 1695 1136 1711 ‚
1167 1666 1206 1702 in
1234 1665 1340 1702 nullo
1371 1663 1499 1701 codice

305 1740 528 1784 inventum,
572 1739 618 1776 ad
660 1739 870 1777 litterarum
911 1739 1045 1776 ductus
1089 1739 1241 1776 lectioni
1283 1744 1394 1774 tante
1422 1751 1498 1774 non

304 1812 468 1849 multum
488 1812 664 1850 dissimile
684 1827 760 1850 esse
788 1813 921 1850 fateor.
953 1812 1026 1849 Sed
1054 1814 1242 1863 quomodo
1266 1812 1359 1850 haec
1388 1812 1498 1850 scho-

304 1885 431 1923 liastae
474 1885 612 1924 verba:
674 1887 827 1924 »Ianus
869 1886 1008 1923 dicitur
1050 1886 1192 1924 bifrons
1235 1901 1311 1930 esse
1348 1909 1402 1915 —
1432 1901 1499 1940 per

305 1973 417 2010 quem
447 1960 527 1997 vult
555 1961 723 2010 quemvis
752 1963 971 2013 sapientem
1014 1961 1187 2014 intelligi.
1251 1964 1305 2000 Ac
1332 1977 1399 2015 per
1427 1962 1500 2000 hoc

304 2033 403 2070 solus
431 2033 542 2070 Ianus
573 2042 627 2071 est
656 2038 843 2088 sapiens,
876 2035 942 2086 qui
968 2034 1059 2072 duas
1087 2035 1202 2074 habet
1232 2035 1393 2082 facies,''
1426 2036 1501 2075 tale

304 2107 396 2158 quid
425 2108 659 2160 significent,
702 2123 777 2147 non
817 2109 1000 2161 intelligo.
1075 2108 1137 2147 Sic
1166 2110 1405 2148 Hermannus
1435 2110 1497 2161 4),

303 2182 466 2234 priorem
496 2184 710 2236 vituperans
752 2183 946 2223 Hauthalii
985 2183 1201 2236 opinionem
1246 2186 1279 2235 5)
1313 2189 1452 2222 tantae
1480 2197 1500 2220 e

351 2289 377 2328 1)
423 2289 454 2317 P.
479 2290 532 2319 93.

348 2343 375 2383 ²)
420 2342 488 2385 Pag.
514 2344 588 2373 318.

347 2399 375 2439 ³)
421 2396 475 2428 Cff.
498 2409 573 2441 quae
596 2397 729 2428 diximus
751 2398 791 2429 ad
814 2410 841 2429 v.
865 2401 930 2439 56,
956 2411 984 2443 p.
1009 2401 1061 2431 68.

348 2454 377 2492 ⁴)
422 2454 515 2483 Lectt.
539 2454 630 2484 Perss.
655 2455 684 2483 11
698 2476 707 2493 ‚
733 2455 792 2493 ¹6,
816 2464 859 2497 sq.

349 2507 375 2552 ¹⁵)
421 2508 457 2537 ln
480 2507 552 2539 edit.
576 2509 637 2540 Sat.
662 2510 698 2549 Ι,
722 2519 789 2553 pag.
815 2511 868 2540 24.
