1857 3113
843 267 890 303 21

274 386 361 412 eum
387 376 613 429 plerumque
640 374 854 426 conspirare
882 386 970 413 cum
999 373 1151 427 optimis
1175 372 1467 428 locupletiorum

274 447 447 487 codicum
463 448 703 493 lectionibus,
735 448 805 485 etsi
824 455 862 486 et
891 448 979 485 alias
1007 447 1122 485 habet
1152 448 1306 485 minoris
1336 452 1466 484 aucto-

273 523 419 571 ritatis3
452 531 495 562 ut
525 537 568 561 ex
596 537 651 575 gr.
684 521 765 561 Sat.
798 521 847 568 I,
880 523 945 561 59.
983 524 1047 560 87.
1082 523 1172 560 111.
1232 521 1306 560 Sed
1335 528 1466 559 eontra

274 596 354 638 Sat,
386 598 427 644 I,
458 578 509 635 7‘4
527 628 537 644 ,
568 606 669 636 recte
699 605 827 636 tuetur
854 610 970 642 eum,·
1001 597 1057 635 III
1076 627 1085 643 ,
1119 599 1168 635 46
1189 628 1198 644 ‚
1244 596 1400 634 discere
1429 599 1468 632 et

272 674 439 716 ins-anm·
480 672 554 718 IV,
600 675 675 718 35,
719 674 762 709 in
790 684 939 717 mores,
970 671 1160 723 aliasque:
1192 678 1254 716 ut,
1286 671 1316 708 si
1362 669 1467 706 hunc

276 746 445 785 codicem
472 755 509 785 et
538 746 760 785 Leidensem
789 747 887 785 inter
905 761 941 785 se
961 759 1244 799 comparemus,
1275 743 1469 782 videamus

275 835 353 859 esse
381 822 569 859 verissima
599 835 695 873 quae
725 819 888 859 Iahnius*
910 822 942 871 1)
973 821 1018 858 de
1042 821 1158 858 Persii
1180 819 1371 858 codicibus
1395 817 1469 855 dis-

274 895 446 947 putavit,
476 909 524 934 ne
552 896 715 949 optimae
734 896 886 947 quidem
903 903 1013 934 notae
1033 895 1146 933 libros
1165 895 1217 932 ita
1235 899 1469 946 comparatos

276 983 352 1008 esse
396 977 439 1007 ut
480 970 640 1007 aliorum
686 970 851 1007 eiusdem
880 979 991 1008 notae
1021 985 1091 1022 ope
1118 983 1269 1022 prorsus
1298 962 1470 1019 indigere

274 1044 458 1097 possimus
478 1073 487 1090 ‚
534 1057 653 1096 quum
683 1058 807 1096 neque
836 1045 969 1097 optimi
998 1044 1142 1082 codices
1170 1041 1399 1095 quibusdam
1429 1041 1468 1078 in

275 1118 364 1154 locis
392 1118 430 1154 in
459 1118 638 1168 genuinas
681 1118 739 1154 vel
782 1126 974 1169 corruptas
1015 1118 1193 1155 lectiones
1221 1117 1465 1168 conspirent3

278 1203 395 1243 quare
424 1204 546 1228 veram
582 1189 783 1227 lectionem
813 1203 856 1228 ex
886 1191 1147 1244 compluribus
1175 1190 1330 1227 demum
1358 1187 1470 1225 meli-

277 1266 349 1303 oris
378 1272 487 1302 notae
517 1263 708 1302 codicibus
746 1265 887 1303 firmari
914 1274 1051 1318 posset.
1109 1265 1231 1304 Huius
1259 1277 1345 1302 vero
1375 1262 1470 1300 Vos-

277 1339 369 1378 siani
413 1338 599 1377 scribendi
640 1338 734 1376 ratio
775 1339 888 1377 etiam
930 1340 969 1378 in
1009 1340 1202 1378 nonnullis
1238 1353 1258 1376 a
1298 1336 1471 1376 Leidensi

277 1414 415 1452 differt.
475 1414 532 1452 Ita
561 1426 710 1465 semper
738 1413 815 1451 fere
844 1415 972 1452 scribit
1015 1416 1138 1451 miclaz'
1166 1422 1202 1451 et
1231 1414 1387 1457 m'clzz'l,·
1417 1412 1469 1449 sio

277 1488 390 1527 etiam
434 1487 512 1526 Sat.
562 1488 623 1534 V,
673 1490 722 1526 79
763 1503 844 1541 sqq.
886 1490 1074 1527 marchas
1118 1496 1155 1527 et
1182 1489 1373 1533 marcho,
1402 1486 1470 1524 ubi

278 1562 392 1600 semel
428 1562 511 1599 loco
548 1562 695 1600 litterae
731 1563 776 1608 h,
808 1577 829 1600 a
864 1564 983 1616 prima
1012 1578 1130 1602 manu
1159 1564 1358 1615 antiquum
1396 1563 1470 1614 spi—

277 1638 369 1675 ritus
415 1637 536 1689 asperi
581 1637 728 1688 signum
779 1638 841 1688 (1-)
890 1638 1186 1691 suprascriptum
1232 1646 1316 1684 est,
1370 1637 1473 1689 quod

278 1712 391 1750 etiam
421 1709 501 1748 Sat.
533 1710 566 1747 V
585 1741 594 1757 ,
628 1713 703 1748 132
733 1719 770 1750 et
790 1711 827 1749 in
848 1712 926 1749 eius
945 1711 1095 1749 scholiis
1127 1712 1272 1765 saepius
1296 1711 1472 1749 occurrit.

277 1785 421 1824 Deinde
449 1788 589 1823 vitium
619 1800 766 1839 semper
797 1801 865 1840 per
891 1801 912 1824 c
940 1787 1121 1839 scriptum
1151 1794 1236 1832 est,
1268 1787 1409 1838 aptius
1438 1793 1474 1823 et

279 1866 420 1913 optare
446 1874 515 1911 per
541 1861 576 1897 b.
636 1861 757 1897 Etiam
792 1861 829 1897 in
859 1861 966 1897 initio
993 1861 1168 1897 vocabuli
1185 1873 1473 1910 nonnumquam

277 1948 345 1989 pro
374 1947 395 1971 e
422 1933 548 1971 inveni
576 1946 624 1970 ae
645 1962 654 1979 ,
700 1940 829 1970 contra
857 1932 1114 1985 diphthongus
1142 1934 1368 1987 plerumque
1391 1963 1400 1979 ,
1431 1941 1475 1972 ut

278 2010 317 2047 in
345 2009 449 2047 Leid.
472 2038 482 2055 ,
513 2016 655 2046 servata
684 2015 752 2047 est.
813 2008 991 2047 Ceterum
1021 2022 1168 2047 summa
1198 1996 1287 2047 cura
1316 2009 1354 2046 in
1384 2008 1475 2046 scri-

278 2085 400 2124 bendo
430 2083 596 2122 adhibita
625 2090 680 2121 est
701 2113 711 2129 ‚
743 2090 785 2121 ut
814 2083 958 2122 mireris
986 2084 1179 2122 interdum
1199 2084 1273 2122 duo
1292 2083 1476 2122 vocabula

279 2173 356 2197 esse
390 2158 626 2211 transposita.
686 2157 841 2195 Pictoris
883 2171 971 2195 vero
1016 2159 1184 2196 incuriae
1230 2159 1477 2197 tribuendum

280 2233 429 2271 videtur
450 2263 459 2279 ,
491 2232 592 2285 quod
621 2232 659 2269 in
688 2232 848 2284 Prologo
877 2233 945 2270 tria
973 2232 1097 2286 priora
1127 2233 1314 2272 vocabula
1343 2234 1476 2272 omissa

281 2312 392 2351 sunt,
422 2318 491 2357 pro
521 2305 658 2356 quibus
677 2303 911 2343 solummodo
948 2303 1112 2342 litteram
1142 2305 1326 2343 initialem
1356 2305 1389 2343 N
1418 2305 1476 2342 in-

281 2378 386 2432 genti
426 2379 547 2418 forma
593 2378 773 2431 depinxit.
852 2379 1138 2430 Nonnunquam
1186 2380 1287 2418 enim
1333 2380 1478 2433 primus

328 2547 355 2586 ¹)
400 2547 437 2577 In
460 2546 597 2591 Prolcgg.
621 2558 687 2591 pag.
701 2548 837 2588 CXCIII,
860 2558 904 2591 sq.
928 2546 970 2578 Cf.
994 2546 1074 2579 idem
1097 2547 1131 2578 in
1148 2549 1231 2578 Cens.
1255 2547 1276 2577 1.
1300 2557 1367 2588 pag.
1381 2548 1477 2576 1109.
