1857 3113
938 310 987 346 10

360 411 463 462 27.)‚
494 411 563 461 ΩΟ.
587 425 626 451 n.
656 412 720 453 18.
753 412 803 463 (V
826 415 880 466 1.)
899 421 954 453 est
971 415 1062 453 item
1081 415 1411 462 membranaceus,
1432 415 1553 454 forma

357 485 514 523 maiore.
567 484 738 539 Scriptus
767 495 822 526 est
849 488 1085 536 nitidissime,
1116 503 1190 528 sec.
1222 490 1270 530 X.
1303 490 1363 529 vel
1390 489 1458 529 IX.
1489 503 1552 528 ex-

357 568 472 599 eunte
499 569 538 600 et
566 575 655 601 cum
684 563 902 604 Iuvenale
930 579 1006 605 una
1034 567 1239 606 Persium
1262 567 1444 606 continet.
1473 564 1553 604 Ha-

357 633 423 673 bet
451 634 542 673 folia
573 638 651 683 90,
694 638 759 676 sed
801 639 938 679 desunt
964 642 1132 694 primum
1165 643 1224 693 (ut
1258 655 1301 680 ex
1328 640 1553 694 paginarum

356 709 553 748 notatione
582 718 619 748 et
646 711 771 762 primo
807 716 1058 764 quaternione
1085 716 1205 769 patet)
1235 724 1273 755 et
1304 722 1551 768 postremum.

356 781 483 821 Divisa
512 791 600 822 sunt
627 784 666 822 in
696 788 977 838 quaterniones,
1008 803 1170 842 quorum
1203 789 1389 828 Iuvenalis
1418 799 1553 827 novem

356 856 436 895 fere
464 858 629 909 integros
659 861 954 913 complectitur,
991 865 1057 915 qui
1085 864 1223 916 singuli
1249 863 1298 901 ab
1333 863 1408 900 ima
1446 868 1554 914 parte

354 941 569 986 postremae
594 934 755 987 paginae
774 938 942 975 numeris
970 938 1090 976 notati
1117 944 1225 984 sunt;
1256 937 1401 975 Persius
1426 942 1553 973 autem

353 1007 500 1045 duobus
527 1009 682 1060 integris
711 1011 1049 1059 quaternionibus,
1086 1012 1153 1062 qui
1180 1011 1314 1048 eodem
1342 1011 1427 1048 loco
1444 1039 1453 1055 ‚
1487 1008 1553 1048 sed

353 1081 479 1119 minus
507 1080 614 1119 solita
650 1082 793 1120 ratione
825 1083 858 1134 ¹)
899 1083 1033 1122 litteris
1060 1084 1172 1137 pictis
1201 1086 1233 1121 A
1261 1091 1299 1122 et
1327 1083 1358 1122 B
1379 1112 1390 1129 ,
1430 1083 1553 1121 notati

353 1163 456 1201 sunt,
486 1162 524 1193 et
553 1169 614 1193 sex
641 1155 739 1194 foliis
769 1158 997 1196 continetur.
1055 1157 1194 1210 Incipit
1220 1157 1357 1196 folium
1388 1159 1411 1194 2
1441 1156 1551 1194 initio

353 1229 435 1270 Sat.
479 1231 497 1268 I
535 1230 723 1269 Iuvenalis
765 1238 803 1269 et
845 1230 983 1269 desinit
1010 1231 1076 1270 fol.
1121 1233 1169 1270 91
1216 1231 1332 1269 verbo
1359 1230 1552 1282 aequales

354 1318 376 1344 e
402 1305 491 1343 Vita
519 1305 662 1351 Persii,
693 1319 789 1357 quae
816 1306 855 1343 in
885 1305 958 1343 hoc
985 1306 1116 1345 codice
1142 1307 1238 1359 ipsas
1265 1306 1394 1344 satiras
1423 1305 1551 1344 subse-

355 1379 498 1431 quitur.
557 1379 746 1418 Iuvenalis
773 1379 888 1418 habet
917 1380 1054 1433 glossas
1088 1382 1347 1419 interlineares
1376 1388 1413 1418 et
1441 1380 1550 1418 scho-

352 1454 403 1492 lia
437 1454 658 1507 marginalia
676 1467 687 1500 3
734 1454 984 1506 locupletiora
1025 1454 1175 1492 scholiis
1212 1454 1304 1493 edit.
1352 1453 1547 1493 Heinrich.

350 1529 411 1568 vel
450 1529 576 1582 potius
615 1542 770 1582 prorsus
813 1529 860 1567 ab
894 1528 951 1566 his
980 1528 1138 1567 diversa.
1168 1550 1223 1558 -
1252 1528 1314 1567 Sic
1356 1529 1469 1567 etiam
1509 1528 1549 1566 in

348 1603 476 1642 Persio
519 1602 659 1641 scholia
687 1611 856 1650 exstant,
887 1617 984 1655 quae
1013 1604 1241 1657 plerumque
1278 1603 1432 1655 quidem
1460 1615 1549 1641 cum

352 1676 581 1716 Commento
627 1677 787 1716 Cornuti
829 1679 1060 1717 conveniunt
1078 1707 1087 1724 ,
1118 1677 1181 1715 sed
1214 1678 1351 1731 passim
1380 1677 1549 1730 longiora

351 1759 440 1790 sunt
468 1751 529 1790 vel
559 1752 742 1797 breviora,
771 1752 910 1805 passim
938 1751 1051 1804 plane
1078 1751 1235 1789 diversa.
1292 1751 1393 1790 Haec
1421 1759 1549 1790 autem

351 1825 493 1864 scholia
511 1839 587 1864 non
606 1825 732 1863 omnia
761 1825 895 1864 eodem
924 1833 1094 1878 tempore
1121 1838 1246 1877 neque
1274 1825 1403 1863 eadem
1433 1838 1549 1863 manu

350 1900 487 1953 scripta
515 1913 595 1938 esse
624 1898 825 1945 videntur,
857 1899 919 1937 sed
946 1900 1086 1952 partim
1117 1899 1272 1952 quidem
1311 1913 1388 1937 non
1418 1912 1549 1937 recen-

348 1974 443 2013 tiore
471 1987 587 2025 quam
615 1973 732 2026 ipsius
760 1981 894 2027 poetae
920 1973 1057 2020 verba,
1092 1974 1230 2027 quibus
1259 1982 1336 2013 tam
1364 1974 1411 2012 ab
1440 1980 1546 2012 utro-

350 2063 425 2101 que
463 2049 581 2086 latere
624 2060 739 2099 quam
779 2047 875 2083 infra
916 2054 954 2084 et
993 2061 1104 2099 supra
1142 2049 1182 2085 in
1217 2048 1450 2100 marginibus
1479 2046 1548 2084 ad-

349 2123 487 2176 scripta
516 2129 617 2160 sunt.
674 2120 901 2173 Nusquam,
933 2128 1117 2173 quantum
1156 2121 1454 2159 animadvertere
1476 2133 1545 2172 po-

348 2198 427 2244 tui,
461 2196 621 2236 Cornuti
649 2196 689 2234 in
718 2196 760 2234 iis
802 2196 946 2235 mentio
974 2197 1045 2242 fit,
1081 2209 1207 2248 neque
1237 2195 1457 2233 continuato
1484 2207 1544 2232 or-

345 2272 436 2311 dine
475 2271 716 2325 procedunt,
759 2285 886 2324 neque
929 2284 1076 2324 semper
1117 2271 1230 2324 signis
1275 2270 1425 2309 additis·
1446 2269 1546 2308 indi-

345 2354 482 2385 cantur
521 2345 635 2385 verba
678 2344 725 2383 ad
755 2359 853 2398 quae
893 2353 1079 2399 spectent.
1149 2345 1391 2384 Lemmatum
1431 2344 1545 2383 etiam

345 2435 435 2461 usus
478 2435 667 2475 perrarus.
725 2421 1025 2475 Nonnumquam
1070 2421 1164 2461 haec
1192 2421 1332 2460 scholia
1360 2419 1545 2472 praebent

390 2541 419 2582 ¹)
465 2538 507 2570 Cf.
531 2541 611 2582 Ang.
634 2539 729 2571 Maius
750 2539 785 2571 in
805 2538 897 2582 praef.
931 2538 970 2570 ad
999 2537 1058 2569 Cic.
1085 2536 1123 2568 de
1146 2537 1220 2579 Rep.
1242 2534 1317 2567 edit.
1346 2532 1501 2566 Steinack.
1517 2544 1543 2566 c.

343 2596 403 2628 xit
416 2619 426 2638 ‚
449 2605 518 2640 pag.
541 2594 677 2627 xxxiv.
