1857 3113
928 306 979 340 20

570 413 633 450 14.
664 412 784 448 melos
812 432 865 438 —-
893 411 958 447 vet
973 415 1127 449 nectar.
1159 413 1242 449 sive
1270 409 1461 448 divinum.
1488 408 1551 446 vel

726 483 970 521 dulcidinem
1001 487 1210 522 musicam.

348 557 427 595 Sat.
462 558 506 603 Ι,
572 560 636 596 44.
656 559 750 610 feci
777 581 830 588 —
858 560 922 596 vel
937 560 1018 611 fas
1047 565 1121 598 est.

565 634 630 672 60.
662 639 803 671 tantae
830 657 884 663 —
912 636 941 673 i.
975 648 1010 674 e.
1049 648 1234 688 magnae.
1272 640 1426 673 tantum
1448 646 1551 687 pro-

726 709 852 747 latae.

570 784 635 822 61.
656 783 737 833 fas
766 788 827 820 est
854 805 908 810 —
936 785 1001 821 vel
1025 787 1104 823 ius.
1139 786 1176 834 Ι)

567 857 633 894 87.
664 856 806 894 bellum
835 858 906 895 Ιιοο
933 879 986 886 -
1015 861 1098 894 sive
1127 863 1200 896 est.

568 933 633 969 97.
664 936 812 969 coctum
841 954 896 961 —-
923 934 987 970 vel
1015 938 1171 972 tectum.

539 1006 628 1042 107.
659 1018 752 1041 vero
779 1026 833 1033 —-
861 1006 926 1042 vel
951 1019 1084 1043 versu.

441 1076 498 1124 II,
568 1078 631 1115 14.
663 1078 852 1116 conditur
877 1101 932 1108 —-
950 1094 1034 1133 pro
1063 1078 1306 1118 condicitur.

563 1153 628 1189 69.
660 1155 704 1189 in
733 1143 800 1190 s—cg
826 1175 879 1181 -—
908 1156 937 1191 i.
968 1167 1001 1191 e.
1033 1156 1075 1190 in
1105 1155 1264 1205 templo.

418 1226 495 1273 III,
589 1230 628 1266 9.
647 1227 793 1278 findor
820 1233 865 1265 ut
892 1250 947 1256 ——
965 1241 1048 1281 pro
1063 1227 1262 1278 finditur.

570 1303 633 1340 16.
665 1302 837 1339 columbo
865 1324 919 1330 —
949 1305 977 1340 i.
1009 1316 1041 1341 e.
1072 1304 1244 1355 agresti.

568 1379 631 1416 54.
665 1376 835 1415 detonsa
863 1400 918 1406 -
947 1380 1124 1417 intonsa.

544 1452 634 1488 108.
667 1450 842 1488 adtende
869 1474 922 1479 —
952 1455 1035 1488 sive
1067 1452 1256 1489 adtende.

455 1524 489 1560 V
507 1554 517 1570 ‚
567 1526 634 1563 51.
665 1524 774 1576 quod
799 1547 852 1553 —
880 1526 945 1562 vel
970 1525 1082 1577 quid.

570 1600 633 1638 78.
666 1602 858 1652 temporis
885 1622 940 1628 —
967 1601 1031 1637 vel
1059 1600 1248 1637 turbinis.

568 1675 633 1712 84.
664 1679 708 1710 ut
738 1674 856 1711 libuit
883 1696 937 1703 —-
965 1675 994 1712 i.
1026 1688 1059 1713 e.
1092 1677 1198 1711 sicut
1225 1675 1364 1712 voluit.

570 1748 637 1785 96.
666 1749 813 1799 gannit
841 1769 895 1775 —-
925 1748 989 1784 vel
1013 1749 1167 1798 qarrit.

545 1823 636 1860 124.
669 1823 796 1859 sumis
825 1843 879 1850 —
906 1822 972 1859 vel
996 1825 1137 1860 sentis.

548 1898 637 1935 130.
670 1899 768 1948 quin
795 1919 850 1925 —
877 1899 942 1935 vel
967 1897 1080 1950 qnid.

542 1973 632 2011 150.
654 1978 839 2025 perqant
871 1995 925 2002 —-
952 1973 1017 2010 vel
1034 1978 1259 2026 peraqunt.

665 2046 811 2083 sudore
837 2069 892 2074 —
920 2060 1005 2084 cum
1024 2076 1034 2092 ‚
1065 2048 1130 2084 vel
1156 2046 1319 2086 sudare.

435 2120 516 2166 VI,
571 2122 637 2159 24.
671 2122 886 2159 turdarum
913 2143 968 2149 —
988 2135 1071 2174 pro
1099 2121 1322 2159 turdorum.

572 2198 636 2234 46.
667 2198 787 2234 victis
814 2218 869 2225 —·
895 2197 960 2234 vet
976 2197 1121 2249 potius
1149 2197 1298 2248 captis.

569 2273 634 2310 68.
666 2273 890 2324 impensius
918 2293 972 2300 —
1000 2273 1065 2309 vel
1091 2274 1173 2309 iam
1193 2272 1380 2324 pensius,

570 2349 634 2386 77.
657 2349 829 2400 pavisse
856 2369 911 2376 —
939 2347 1004 2384 vel
1019 2328 1248 2400 plaasisse.

406 2421 589 2460 Universa
630 2429 759 2460 autem
799 2421 845 2459 de
888 2420 961 2460 hoc
990 2422 1120 2460 codice
1149 2419 1554 2464 animadvertendum,

395 2537 422 2577 ¹)
447 2538 525 2566 Haec
548 2535 648 2579 glossa
672 2536 704 2566 in
717 2535 820 2567 eadem
843 2535 926 2567 linea
946 2547 1018 2568 cum
1041 2541 1146 2579 poetae
1167 2534 1267 2567 verbis
1289 2540 1320 2565 et
1342 2533 1445 2566 eodem
1467 2534 1555 2566 modo

347 2591 461 2635 scripta
484 2595 540 2622 est.
