1857 3113
917 277 965 314 48

348 394 554 433 sequamur
572 378 795 418 sententiam
808 410 818 427 ‚
837 382 1001 433 primam
1024 382 1176 418 satiram
1197 395 1216 418 a
1236 387 1348 433 poeta
1364 380 1537 419 ultimam

347 458 525 508 scriptam
553 456 665 493 fuisse
694 468 771 492 non
800 454 878 492 sine
907 454 984 492 veri
1013 455 1134 507 specie
1164 454 1449 500 contendentis,
1491 467 1539 491 an

348 530 520 567 Teuffelii
543 530 574 580 1)
596 529 683 567 satis
702 529 819 566 firmis
838 531 1068 580 argumentis
1087 531 1125 568 in
1154 530 1337 568 diversam
1368 527 1539 566 abeuntis

346 605 586 643 sententiam.
663 602 791 655 Ipsum
828 616 915 640 vero
956 603 1107 655 Prologi
1153 610 1419 656 argumentum
1461 609 1540 640 tam

345 687 447 716 arcte
493 680 739 716 coniunctum
781 684 836 714 est
878 689 964 713 cum
1005 677 1151 729 primae
1193 678 1325 714 satirae
1353 676 1537 721 materie,

345 759 475 789 contra
504 756 591 801 cum
626 748 779 800 reliquis
811 749 863 786 ita
896 748 1042 786 nullam
1075 749 1190 787 habet
1230 749 1444 802 argumenti
1471 761 1539 786 ne—

344 826 630 871 cessitudinem,
666 831 709 861 ut
744 823 790 860 ad
821 823 939 861 solam
969 825 1133 876 primam
1162 825 1312 862 satiram
1339 823 1540 876 prologum

341 901 533 952 pertinere
577 898 821 937 statuendum
859 898 954 936 mihi
990 898 1162 935 videatur
1194 898 1252 948 2);
1295 912 1372 935 non
1413 905 1540 935 tamen

342 974 394 1011 ita
424 981 467 1011 ut
502 986 589 1010 cum
624 973 831 1010 Hauthalio
874 972 908 1023 3)
957 984 1044 1008 eum
1074 984 1149 1008 una
1179 973 1272 1009 serie
1302 985 1388 1010 cum
1418 972 1540 1024 prima

344 1048 456 1086 satira
499 1047 712 1085 continuari
755 1060 953 1091 censeam,
1001 1044 1064 1082 sed
1091 1045 1215 1096 potius
1249 1047 1355 1099 quasi
1386 1044 1537 1098 praelu-

341 1122 484 1159 sionem
520 1121 633 1157 huius
670 1121 886 1158 recitationi
920 1121 1121 1172 praeivisse
1162 1121 1213 1171 4).
1274 1121 1409 1171 Neque
1447 1133 1538 1172 pro-

339 1194 487 1232 bandus
515 1194 759 1231 Heinrichius
776 1223 786 1240 ,
817 1194 885 1245 qui
910 1201 1179 1246 praeterquam
1208 1194 1310 1245 quod
1338 1194 1538 1246 prologum

341 1268 517 1306 omnibus
558 1268 677 1306 satiris
723 1281 968 1306 communem
1010 1268 1200 1306 existimat
1244 1268 1301 1317 5),
1346 1274 1539 1305 auctorem

340 1404 437 1433 1140.
462 1405 486 1433 Ι.
510 1403 539 1433 C.
564 1402 694 1442 Meister,
716 1402 849 1434 Versuch
867 1402 960 1433 ueber
982 1404 1060 1434 Pers.
1084 1405 1145 1434 Sat.
1170 1405 1195 1442 Ι,
1220 1404 1382 1433 92-106.
1405 1400 1539 1433 Francos.

339 1457 423 1494 802,
446 1466 513 1497 pag.
539 1457 615 1493 111,
639 1466 682 1499 sq.
706 1457 835 1499 primam
861 1456 985 1487 satiram
1012 1468 1074 1487 non
1097 1457 1235 1499 primum
1258 1456 1403 1498 scriptam
1424 1455 1539 1494 credit;

337 1509 382 1540 ita
404 1509 498 1540 etiam
518 1510 679 1540 Duentzer.
704 1511 736 1540 in
760 1510 853 1541 Persii
883 1512 960 1541 Satt.
984 1511 1132 1556 in‘usum
1163 1509 1334 1541 scholarum
1357 1509 1429 1540 edit.
1452 1509 1538 1540 Trev.

339 1564 444 1602 1844,
468 1575 535 1605 pag.
561 1565 623 1602 143
646 1563 714 1594 coll.
738 1575 805 1606 pag.
832 1566 889 1602 70,
913 1574 957 1606 sq.

383 1618 412 1658 ¹)
458 1618 527 1659 Pag.
563 1619 625 1657 25,
659 1628 745 1661 sqq.,
781 1621 847 1658 83,
881 1620 921 1649 91
959 1623 989 1649 et
1020 1620 1105 1658 196,
1141 1630 1183 1662 sq.
1204 1637 1247 1643 —
1268 1617 1309 1648 Cf.
1334 1619 1382 1648 Fr.
1407 1618 1537 1656 Passow,

338 1669 437 1701 Aulus
459 1672 540 1700 Pers.
565 1670 630 1709 Fl.‚
654 1673 729 1701 Text
751 1672 815 1702 und
838 1671 1069 1715 Uebersetzung.
1094 1672 1188 1704 Ueber
1209 1672 1261 1702 das
1283 1671 1381 1702 Leben
1404 1670 1468 1702 und
1490 1669 1538 1700 die

338 1721 493 1753 Schriften
515 1722 566 1753 des
601 1724 726 1754 Persius.
762 1724 932 1755 Anmerkk.
968 1737 992 1755 z.
1025 1728 1074 1755 1<³u
1103 1728 1165 1756 Sat.
1188 1725 1287 1767 Leipz.
1311 1726 1417 1763 1809,
1451 1722 1539 1754 cuius

338 1777 412 1810 libri
437 1780 488 1809 1·¹¹¹¹
512 1784 639 1810 tantum
663 1778 728 1810 Vol.
753 1778 881 1822 prodiit,
905 1790 971 1822 pag.
997 1780 1073 1809 189.
1536 1781 1539 1782 ⁷

384 1833 410 1874 ²)
456 1832 522 1863 Vid.
547 1833 700 1876 imprimis
734 1835 847 1865 Passov.
882 1833 904 1864 l.
928 1845 970 1864 m.
994 1833 1016 1863 l.
1040 1845 1106 1876 pag.
1140 1834 1224 1872 180,
1248 1844 1290 1875 sq.
1313 1838 1345 1863 et
1368 1834 1451 1871 185,
1475 1842 1537 1875 sqq.

336 1885 379 1918 Cf.
402 1897 469 1929 pag.
497 1889 569 1917 142.
616 1889 697 1918 Eum
720 1893 839 1918 secutus
863 1893 908 1918 est
931 1887 1095 1929 Pinzgerus
1122 1887 1152 1917 in
1178 1897 1303 1917 censura
1326 1886 1398 1917 edit.
1422 1885 1536 1925 Plum„

336 1940 370 1972 in
393 1942 427 1971 N.
452 1939 518 1972 Ibb.
542 1941 575 1972 T.
600 1942 671 1972 vl11
697 1943 828 1983 (1833),
852 1953 919 1985 pag.
944 1943 1020 1973 288.
1043 1940 1128 1972 Idem
1151 1946 1327 1972 statuerunt
1350 1942 1385 1972 G.
1408 1942 1441 1971 F..
1465 1941 1538 1971 We—

335 1993 426 2025 berus
459 1996 648 2034 Bremensis,
682 1995 715 2025 in
745 1996 924 2027 Animadvv.
961 2008 1054 2038 germ.
1092 1995 1130 2026 ad
1153 1996 1312 2026 metricam
1336 2006 1423 2026 suam
1446 1993 1538 2025 Persii

337 2047 525 2087 versionem,
548 2048 621 2078 edit.
647 2051 750 2088 1834,
774 2061 841 2092 pag.
866 2052 930 2080 184
964 2055 995 2080 et
1031 2051 1117 2088 192,
1151 2055 1183 2080 ct
1206 2048 1356 2079 Prellerus
1390 2048 1423 2078 in
1458 2057 1536 2079 cens.

336 2101 359 2132 l.
384 2112 451 2144 pag.
477 2104 586 2142 1149,
617 2114 749 2145 quocum
773 2103 865 2134 velles
889 2103 1056 2142 Iahnium,
1088 2102 1142 2145 qui
1177 2114 1242 2144 pag.
1267 2104 1328 2133 LVI
1352 2108 1383 2133 et
1408 2103 1446 2133 71
1471 2101 1538 2132 lau-

336 2155 424 2187 datae
446 2156 582 2199 opinioni
604 2157 742 2188 accedere
765 2156 904 2197 videtur,
935 2156 1032 2188 fusius
1060 2157 1239 2200 exposuisset
1262 2156 1298 2187 de
1321 2167 1364 2187 ea.
1410 2155 1538 2186 Novissi-

335 2221 405 2242 mus
427 2211 520 2242 Persii
544 2211 693 2254 interpres
715 2210 882 2243 Teuffelius
905 2212 998 2243 etiam
1022 2212 1056 2243 in
1080 2211 1208 2242 illorum
1232 2208 1310 2240 abiit
1332 2214 1449 2252 partes,
1470 2220 1536 2253 pag.

335 2267 381 2297 2⁷
402 2271 433 2297 et
458 2268 519 2305 83,
543 2265 581 2297 cf.
603 2266 667 2297 eius
690 2277 767 2297 cens.
791 2265 812 2296 l.
837 2277 904 2309 pag.
931 2268 1013 2306 7033
1037 2272 1068 2298 et
1091 2266 1195 2298 Baehr.
1219 2265 1240 2297 l.
1264 2264 1286 2296 l.
1312 2266 1329 2307 §
1354 2266 1427 2296 132.

381 2322 409 2362 ³)
454 2323 492 2352 In
517 2324 527 2350 1
550 2322 616 2351 Sat.
638 2319 710 2350 edit.
734 2331 801 2362 pag.
827 2323 887 2359 11,
911 2320 947 2351 cf.
971 2321 1065 2351 etiam
1088 2332 1155 2364 pag.
1181 2323 1232 2352 16.

380 2375 408 2415 ι)
455 2375 497 2405 De
519 2380 585 2406 tota
607 2374 663 2406 hac
685 2386 718 2406 re
740 2374 865 2407 omnino
887 2374 1085 2407 conferendus
1111 2381 1156 2407 est
1179 2376 1291 2406 Passov.
1315 2374 1336 2406 l.
1360 2373 1448 2406 modo
1470 2374 1492 2405 l.

380 2429 408 2469 ¹⁵)
454 2432 491 2459 In
515 2440 568 2460 sua
590 2430 661 2461 edit.
692 2442 786 2474 quam
821 2437 888 2473 post
922 2438 1052 2463 mortem
1084 2443 1118 2463 ex
1141 2431 1206 2462 eius
1228 2430 1343 2462 schedis
1365 2430 1482 2461 curavit
1506 2435 1538 2460 et

333 2481 431 2514 edidit
463 2481 590 2513 Iahnius
620 2484 696 2525 Lips.
730 2486 838 2524 1844,
873 2497 941 2528 pag.
966 2487 1019 2517 67.
1077 2487 1102 2516 Ε
1125 2484 1288 2515 serioribus
1317 2481 1537 2526 interpretibus

332 2537 397 2581 ipse
419 2535 610 2569 Casaubonus
632 2537 695 2569 iam
716 2537 795 2570 hanc
817 2538 973 2583 amplexus
994 2544 1060 2571 erat
1083 2538 1288 2578 sententiam,
1310 2548 1377 2581 pag.
1398 2539 1442 2569 37
1462 2536 1534 2570 edit.
