1857 3113
883 258 930 293 75

306 361 344 401 in
371 361 443 403 hoc
472 376 701 416 magnopere
728 363 899 403 fallitur:
943 362 1034 401 dicit
1072 362 1267 402 Heinsium
1296 362 1493 402 lectionem

304 438 449 475 nobilis
492 438 676 475 invenisse
718 439 801 476 »in
850 438 1098 476 vetustissimo
1152 437 1335 484 codice,''
1383 438 1495 475 indu-

304 521 405 559 cmS,
427 520 469 551 ut
498 513 644 553 videtur
664 545 674 561 ‚
705 515 743 552 in
771 513 870 552 hanc
898 514 1111 566 opinionem
1141 513 1341 551 manifesto
1370 527 1496 552 errore

304 587 572 640 typographico
613 589 651 626 in
683 589 800 642 Epist.
848 591 923 626 357
956 589 1049 639 (non
1097 590 1196 634 157,
1240 596 1281 626 ut
1309 589 1365 626 bis
1395 588 1496 640 apud

303 661 446 700 Hauth.
485 662 510 701 l.
549 663 575 702 l.
616 677 702 716 pag.
746 665 823 701 313
862 670 899 701 et
937 663 975 700 in
1016 669 1105 700 nota
1138 661 1183 699 ad
1211 676 1299 714 pag.
1331 661 1425 712 310)
1456 661 1495 699 in

303 734 433 774 Burm.
467 735 563 787 Syll.
586 737 629 775 T.
651 737 719 783 IV,
749 752 836 790 pag.
860 739 934 775 432
969 736 1019 787 1),
1050 736 1117 775 ubi
1132 737 1169 775 in
1190 737 1310 774 citatis
1329 735 1496 773 versibus

301 808 484 846 Persianis
507 823 575 861 pro
594 812 754 847 imitari
772 812 915 848 nobilis
935 810 1139 861 legendum
1158 823 1235 847 esse
1254 812 1283 846 i.
1317 809 1492 853 mobilis,

301 888 404 933 patet
434 889 471 920 et
499 896 542 920 ex
571 884 684 921 totius
713 884 788 922 loci
815 884 1055 937 dispositione
1072 913 1081 930 ‚
1119 891 1155 921 et
1184 897 1227 921 ex
1256 883 1376 936 Epist.
1414 896 1493 934 seq.

300 957 531 1008 responsoria
562 958 708 997 Graevii
734 974 820 1012 pag.
854 961 930 997 434
954 990 963 1006 ,
1005 974 1060 1011 sq.
1083 989 1092 1005 ,
1133 967 1170 997 et
1198 959 1495 996 luculentissime

298 1044 343 1070 cx
369 1032 483 1083 ipsius
512 1033 655 1072 Heinsii
685 1034 914 1073 Adversariis
942 1035 989 1081 Ι,
1022 1037 1070 1080 3,
1105 1048 1190 1087 pag.
1224 1036 1296 1081 28,
1340 1049 1396 1086 sq.
1428 1033 1496 1071 uhi

299 1104 419 1143 dixit:
465 1121 490 1144 »
510 1107 547 1144 in
576 1109 726 1160 optimis
754 1109 983 1147 membranis
1011 1109 1257 1146 Leidensibus
1286 1110 1413 1146 inveni
1440 1132 1494 1138 -—

299 1183 459 1219 imitari
486 1182 688 1220 mobilis.''
720 1183 862 1221 Eadem
891 1183 985 1221 haec
1004 1170 1225 1221 Adversaria
1254 1183 1415 1222 alterum
1433 1197 1492 1221 re—

299 1255 488 1306 darguunt
509 1256 703 1295 Hauthalii
718 1271 900 1303 errorem,
919 1271 1036 1308 quum
1053 1258 1194 1295 scilicet
1212 1258 1298 1294 inde
1316 1265 1493 1309 appareat

297 1330 481 1376 codicem,
504 1344 581 1382 quo
601 1344 689 1368 usus
708 1337 763 1368 est
781 1331 971 1378 Heinsius,
1001 1346 1076 1370 non
1106 1332 1334 1369 Bernensem
1358 1331 1490 1376 fuisse,

297 1413 339 1443 ut
368 1406 431 1443 ille
458 1413 586 1457 putat,
624 1405 687 1443 sed
727 1405 964 1445 Leidensem.
1007 1407 1055 1444 Et
1081 1406 1216 1458 procul
1244 1406 1359 1443 dubio
1389 1405 1490 1444 idem

297 1480 412 1517 codex
441 1487 495 1517 est
525 1493 566 1517 ac
597 1487 722 1517 noster
749 1480 953 1518 Leidensis.
1012 1481 1203 1518 Postremo
1232 1479 1384 1518 Iahnius
1412 1494 1489 1518 non

296 1567 339 1591 ex
368 1553 452 1592 cod.
485 1554 597 1591 Bern.
630 1555 705 1590 257
738 1555 784 1605 (B
804 1555 876 1605 1.),
906 1561 948 1591 ut
977 1554 1042 1591 ille
1058 1562 1198 1600 narrat,
1227 1554 1288 1592 sed
1306 1569 1349 1591 ex
1374 1555 1487 1593 Bern.

297 1630 375 1666 398
407 1628 453 1679 (Β
483 1627 537 1680 5.)
568 1628 714 1665 nobilis
743 1630 869 1675 affert,
912 1642 1075 1680 quorum
1105 1629 1214 1667 codd.
1252 1630 1391 1667 Bernn.
1425 1629 1490 1667 ille

296 1702 385 1741 olim
404 1702 476 1741 fuit
494 1702 687 1755 Bongarsii
703 1734 712 1751 ‚
733 1702 796 1741 hic
814 1703 856 1742 F.
878 1703 1043 1742 Danielis
1062 1703 1112 1756 2).
1161 1703 1285 1742 Etiam
1313 1705 1353 1742 in
1382 1717 1491 1743 versu

295 1786 476 1829 sequente
505 1779 709 1817 Hauthalio
738 1793 814 1817 non
842 1779 1053 1831 probantur
1081 1779 1255 1816 codicum
1283 1780 1486 1825 lectiones,

295 1867 455 1905 quorum
470 1854 533 1890 alii
552 1853 729 1891 exhibent
748 1858 907 1899 tantae,
926 1852 1025 1903 quod
1041 1865 1126 1889 cum
1148 1852 1324 1897 Pithoeo,
1346 1851 1487 1891 Casau-

294 1930 392 1967 bono
407 1930 441 1980 3)
463 1936 499 1967 et
515 1927 728 1966 Schrevelio
745 1927 984 1965 Hermannus
996 1957 1006 1973 ‚
1028 1927 1180 1964 Iahnius
1199 1936 1236 1965 et
1253 1927 1487 1966 Duentzerus

338 2056 365 2096 ¹)
410 2055 459 2086 Sic
482 2055 516 2086 in
538 2055 610 2086 edit.
634 2057 696 2085 Sat.
721 2057 758 2094 Ι,
788 2066 853 2097 pag.
878 2056 921 2085 23
944 2053 1025 2085 male
1047 2053 1184 2094 dixerat,
1209 2057 1424 2086 Burmannum
1455 2055 1488 2086 in

291 2107 414 2152 Sylloge
436 2110 563 2139 imitari
578 2121 630 2152 pro
651 2107 826 2152 imperfecto
848 2107 1013 2150 accepisse3
1037 2119 1128 2150 quem
1152 2108 1285 2139 similem
1299 2120 1431 2139 errorem
1442 2120 1487 2140 er—

291 2164 370 2195 ravit
392 2163 542 2205 Plumins,
565 2165 667 2196 dicens
691 2162 932 2207 »praeeuntibus
955 2163 1074 2194 Heinsio
1091 2169 1123 2194 et
1147 2166 1354 2204 Burmanno,''
1378 2163 1488 2196 merito

290 2217 449 2260 culpatum
471 2218 504 2249 in
527 2230 561 2249 eo
582 2231 600 2250 a
623 2220 766 2261 Pinzgero
788 2219 822 2249 in
844 2228 922 2248 cens.
947 2217 1029 2248 laud.
1053 2229 1120 2260 pag.
1148 2221 1224 2249 296.

336 2270 364 2311 2)
409 2270 447 2301 Cf
464 2271 549 2302 Iahn.
573 2273 607 2303 in
630 2272 764 2315 Prolegg.
788 2283 855 2314 pag.
887 2272 1014 2301 CXCVII
1049 2277 1080 2302 et
1110 2273 1163 2302 CC.
1199 2274 1223 2302 E
1258 2271 1368 2301 nostris
1401 2270 1484 2301 codd.

291 2326 370 2355 Voss.
395 2327 414 2355 3
428 2330 458 2355 et
480 2326 573 2356 Periz.
598 2332 725 2369 uterque
748 2325 857 2356 habuit
880 2326 1012 2365 nobilis,
1036 2325 1116 2368 quod
1139 2326 1171 2356 in
1194 2325 1250 2355 hoc
1268 2336 1286 2356 a
1308 2325 1485 2365 recentiore,

290 2380 324 2411 in
346 2378 402 2411 illo
423 2391 440 2411 a
462 2380 560 2423 prima
583 2392 677 2411 manu
701 2385 871 2412 correctum
894 2385 948 2411 est.

335 2436 363 2475 ³)
408 2435 544 2467 Alteram
567 2440 671 2466 tamen
693 2434 855 2466 lectionem
888 2435 1112 2466 commendavit
1136 2441 1173 2467 ut
1201 2435 1418 2479 elegantiorem
1452 2440 1484 2465 et

290 2489 479 2533 planiorem,
509 2502 575 2535 pag.
601 2492 651 2523 70.
682 2489 738 2522 Cff.
761 2490 855 2523 etiam
878 2491 990 2523 Passov.
1014 2502 1082 2534 pag.
1106 2493 1171 2523 284
1195 2496 1226 2522 et
1257 2492 1358 2522 Herm.
1396 2491 1426 2519 L.
1452 2490 1482 2519 P.

290 2546 341 2583 Η,
366 2547 417 2576 16.
