1857 3113
899 248 948 283 86

320 369 408 393 eum
448 355 559 393 verba
598 356 649 392 sic
691 354 925 408 descripsisse
968 353 1153 400 arbitror,
1201 354 1230 391 si
1260 361 1330 391 vss:
1364 353 1522 390 73—75

321 431 541 469 contineant
560 429 778 468 historicam
810 428 1108 468 recordationem
1133 443 1249 481 quam
1268 428 1414 467 Persius
1431 427 1471 465 h.
1495 427 1522 465 l.

321 504 386 541 ubi
414 504 460 541 de
490 517 576 542 rure
605 506 730 557 agitur
758 505 969 543 inseruerit.
1029 503 1211 542 Similiter
1250 502 1451 541 Teuffelius
1484 503 1517 550 1)

321 587 453 633 putat,
484 580 654 619 Persium
688 580 775 618 inde
804 595 823 618 a
853 594 905 618 vs.
940 580 985 616 71
1020 593 1139 630 usque
1168 579 1213 617 ad
1242 577 1377 624 verba,
1407 575 1528 627 Euqe

312 660 454 707 poeta,
486 654 677 701 παρῳδεῖν.
725 653 914 705 Equidem
945 653 1076 699 credo,
1111 661 1264 707 poetam
1293 651 1433 697 verbis,
1460 650 1528 687 ubi

322 728 457 766 corbes
473 751 527 757 ——-
535 729 660 780 foeno
679 728 862 780 respicere
877 741 1012 780 poema
1031 728 1201 780 aliquod,
1228 727 1267 764 in
1287 740 1364 777 quo
1384 724 1527 777 prolixa

323 810 362 841 et
400 803 535 855 frigida
577 802 710 840 vilium
753 803 910 841 istarum
953 817 1079 842 rerum
1114 801 1315 855 descriptio
1344 807 1526 845 exstaret,

324 891 489 928 eumque
533 878 600 915 has
644 891 702 915 res
741 878 900 915 strictim
945 886 1094 915 tantum
1144 889 1355 914 memorare
1397 882 1440 913 ut
1470 874 1530 912 in-

326 953 441 999 dicet,
471 960 601 1006 poetas
619 953 708 990 istos
728 966 776 990 ne
805 953 999 990 vilissimas
1028 951 1181 1003 quidem
1210 964 1267 989 res
1289 957 1376 1003 apte
1393 948 1530 987 carmi-

325 1028 438 1068 nibus
466 1028 632 1068 intexere
658 1043 782 1082 posse.
842 1027 934 1067 Tale
966 1027 1058 1079 quid
1089 1027 1125 1065 in
1155 1026 1213 1065 his
1241 1027 1355 1065 versis
1382 1025 1532 1063 latitare

325 1103 399 1140 iam
429 1104 639 1156 suspicatus
669 1112 749 1142 erat
780 1103 1023 1142 casaubonus
1053 1103 1098 1141 ad
1128 1117 1180 1141 vs.
1215 1104 1260 1140 71
1286 1132 1296 1149 ,
1335 1116 1390 1153 sq.
1422 1101 1473 1152 2).

380 1179 447 1224 86,
478 1192 533 1229 sq.
556 1178 698 1216 doctas
708 1181 901 1232 posuisse
904 1178 1089 1230 figuras,
1111 1178 1204 1229 cet.]
1242 1176 1403 1228 Vulgata
1418 1174 1532 1213 lectio

327 1253 494 1299 doctas,
524 1266 641 1304 quam
672 1267 801 1291 omnes
829 1252 1016 1306 praebent
1044 1252 1194 1290 codices
1223 1252 1276 1301 3),
1305 1264 1392 1289 cum
1411 1250 1530 1289 Hein-

328 1326 462 1374 richio,
493 1340 536 1365 ex
565 1325 747 1380 Scaligeri
776 1327 1013 1374 coniectura,
1045 1340 1141 1379 quae
1163 1324 1388 1365 casaubono
1404 1324 1439 1375 4)
1470 1336 1532 1361 ar-

327 1402 498 1446 ridebat,
539 1415 615 1438 non
654 1402 693 1439 in
723 1402 864 1439 doctus
891 1401 1072 1439 mutanda
1110 1409 1178 1439 est.
1235 1399 1358 1436 Boctz'
1395 1397 1532 1435 dicun-

330 1483 394 1513 tur
429 1474 655 1513 medicatus
697 1473 819 1527 (Ovid.
861 1475 972 1515 Herr.
1014 1474 1108 1522 XII,
1153 1476 1227 1513 165
1265 1472 1355 1526 5));
1393 1471 1534 1511 doctae

327 1556 445 1588 nolae
475 1550 591 1603 (apud
621 1550 784 1588 cundem
816 1550 886 1588 XX
909 1581 918 1597 ,
954 1550 1049 1600 220)
1079 1558 1116 1589 et
1144 1556 1258 1588 artes
1289 1549 1417 1601 (Mett.
1448 1547 1501 1586 IX
1521 1577 1532 1593 ‚

379 1731 405 1770 ¹)
450 1731 481 1760 Ρ.
506 1732 580 1760 104.

378 1785 405 1825 ²)
451 1783 533 1815 Edit.
558 1782 583 1813 l.
607 1794 673 1826 pag.
702 1784 753 1814 73.

376 1839 403 1878 ⁸)
449 1839 492 1868 Ex
516 1836 686 1868 Heinrichii
709 1842 813 1868 tamen
837 1837 960 1868 silentio
984 1843 1099 1880 pateret
1123 1847 1213 1877 eum,
1249 1837 1363 1868 doctus
1385 1837 1536 1869 invenisse

331 1892 364 1923 in
387 1891 449 1922 cod.
474 1889 583 1930 Goth,
607 1890 657 1922 sed
680 1891 813 1922 aliorum
833 1890 992 1923 silentium
1015 1891 1107 1924 aliter
1119 1891 1214 1923 docet.
1238 1893 1288 1922 Vs.
1312 1901 1392 1934 seq.‚
1415 1896 1536 1934 praeter

331 1946 414 1978 codd.
438 1956 512 1990 quos
535 1944 621 1976 Iahn.
646 1952 795 1977 memorat
808 1946 840 1977 in
858 1952 961 1978 annot.
985 1946 1074 1987 crit.‚
1098 1947 1255 1978 laudatus
1267 1945 1381 1978 habent
1395 1944 1533 1990 palimps.

333 2004 402 2034 vat.
416 2000 466 2043 (ef.
483 2000 567 2033 lahn.
580 2012 648 2044 pag.
662 2002 790 2042 CXCVI)
803 2006 834 2032 et
845 2001 908 2032 cod.
922 2001 1002 2032 Leid.
1015 2021 1057 2025 —
1072 2002 1139 2033 cod.
1155 2004 1241 2034 Rom.
1257 2002 1349 2034 habet
1369 2002 1534 2043 laudatis,

333 2068 411 2100 quac
433 2055 525 2087 lectio
548 2055 641 2086 etiam
665 2060 779 2086 exstare
802 2055 924 2087 videtur
948 2056 979 2087 in
1003 2058 1060 2099 Mp.
1085 2056 1135 2098 (cf.
1150 2056 1233 2088 lahn.
1248 2059 1535 2101 p.ci.xxxvl11.),

335 2110 408 2141 licet
431 2109 518 2141 Iahn.
542 2110 575 2140 in
599 2112 679 2140 Arm.
704 2109 777 2140 Crit.
801 2109 838 2140 ad
862 2121 892 2140 n.
906 2110 927 2140 l.
953 2109 1036 2150 (coll.
1060 2122 1088 2153 p.
1109 2112 1237 2153 CXCVI)
1260 2123 1296 2143 ex
1319 2123 1354 2142 eo
1375 2111 1437 2142 cod.
1464 2111 1536 2141 lau-

335 2164 434 2195 datus
456 2163 583 2195 dederit.

382 2218 410 2261 ⁴)
455 2220 524 2262 Pag.
551 2220 593 2249 77
615 2224 646 2249 et
669 2218 702 2249 in
725 2220 802 2250 Pers.
828 2220 929 2250 Horat.
954 2219 1035 2250 imit.
1060 2232 1126 2263 pag.
1151 2223 1225 2251 205.
1261 2219 1316 2251 Cff.
1341 2220 1444 2251 Heinr.
1468 2231 1534 2262 pag.

336 2276 397 2313 983
421 2275 535 2304 Passov.
560 2284 627 2315 pag.
654 2275 717 2304 303
742 2278 772 2303 et
797 2273 911 2304 Hauth.
936 2273 969 2304 in
991 2273 1063 2304 edit.
1083 2276 1146 2305 Sat.
1170 2274 1199 2314 l,
1223 2286 1290 2318 pag.
1315 2277 1366 2305 41.
1413 2275 1536 2305 Doctus

334 2328 426 2360 etiam
450 2326 588 2371 probasse
611 2326 732 2358 videtur
755 2327 856 2359 Bentl.
880 2327 917 2359 ad
941 2330 1044 2360 Horat.
1073 2330 1136 2360 Sat.
1161 2328 1191 2370 l,
1216 2332 1281 2371 10,
1307 2331 1365 2370 783
1389 2328 1425 2361 cf.
1449 2328 1534 2361 Iahn.

335 2384 368 2414 in
391 2383 468 2413 Add.
492 2395 559 2425 pag.
584 2385 660 2415 401.

381 2436 410 2478 ⁶)
456 2435 513 2468 Ubi
548 2438 638 2477 (teste
674 2437 783 2469 Bachio
816 2437 853 2469 ad
888 2438 908 2468 l.
946 2439 1015 2470 Met.
1040 2450 1108 2470 mox
1131 2438 1169 2480 l.)
1192 2436 1320 2470 Ruhuk.
1354 2435 1534 2467 annotavit:

337 2505 355 2523 >2
368 2502 454 2535 saepe
488 2489 642 2523 tribuitur
677 2492 766 2524 rebus
788 2493 837 2525 vel
861 2493 1096 2534 instrumentis,
1126 2492 1239 2536 quibus
1260 2491 1336 2535 quid
1357 2502 1375 2523 a
1397 2490 1482 2523 docto
1504 2496 1537 2522 et

336 2548 433 2591 perito
456 2547 579 2579 artifice
602 2545 795 2590 perficitur.”
