1857 3113
625 824 1211 877 INTROITUS.

775 985 1061 1018 -ο-»ωοζξοεκ-ο-

377 1134 465 1172 Post
492 1140 638 1172 renatas
661 1133 805 1172 litteras
831 1133 983 1173 nullum
1001 1135 1080 1173 fere
1104 1135 1178 1173 fuit
1203 1134 1370 1173 seculum
1384 1164 1394 1181 ,
1427 1135 1517 1186 quin

321 1206 467 1244 Persius
489 1219 575 1244 suos
591 1220 668 1244 non
686 1206 799 1245 modo
818 1206 996 1254 lectores,
1017 1206 1080 1247 sed
1098 1208 1212 1246 etiam
1231 1207 1391 1247 editores
1406 1215 1444 1246 et
1460 1209 1519 1246 in-

323 1287 504 1333 terpretes
521 1287 652 1319 nactus
672 1282 732 1320 sit.
763 1281 861 1321 Nam
881 1282 968 1320 inde
993 1297 1014 1320 a
1032 1283 1298 1321 Bartholomeo
1318 1282 1456 1320 Fontio
1484 1289 1522 1319 et

323 1353 465 1391 Ioanne
480 1354 696 1393 Britannico
715 1369 835 1408 usque
853 1355 900 1394 ad
919 1365 1046 1395 nostra
1065 1364 1235 1409 tempora
1253 1356 1409 1408 plurimi
1437 1355 1520 1393 fue-

322 1436 412 1466 runt
426 1429 497 1466 viri
513 1428 614 1467 docti
633 1430 700 1481 qui
720 1430 890 1468 certatim
909 1429 1012 1467 hunc
1029 1438 1183 1482 poetam
1204 1429 1460 1474 illustrarunt,
1480 1429 1519 1466 in

323 1503 460 1554 quibus
480 1516 592 1540 nemo
612 1504 840 1542 dubitaverit
866 1506 1007 1556 primas
1029 1504 1195 1542 tribuere
1223 1504 1351 1542 Isaaco
1380 1502 1520 1541 Casau-

321 1578 435 1617 bono.
467 1579 554 1617 Post
577 1578 688 1616 illum
703 1593 790 1617 vero
806 1609 815 1625 ,
847 1579 914 1631 qui
942 1579 1089 1625 omnia,
1117 1579 1338 1631 praesertim
1368 1591 1464 1629 quae
1484 1577 1523 1615 in

323 1653 525 1700 serioribus
549 1653 689 1705 graecis
718 1653 919 1706 latinisque
941 1652 1170 1705 philosophis
1194 1652 1242 1690 ad
1266 1652 1436 1691 Persium
1460 1666 1523 1690 ex-

321 1727 542 1780 plicandum
562 1727 817 1766 conducerent
837 1757 847 1774 ,
882 1728 920 1766 in
939 1740 1050 1765 suum
1078 1740 1189 1765 usum
1207 1727 1412 1772 convertit,
1433 1739 1523 1764 con-

322 1805 446 1841 textas
463 1817 560 1856 quae
587 1810 745 1841 vocatur
759 1803 929 1840 recensio
943 1816 1079 1856 parum
1096 1802 1290 1855 processit,
1312 1801 1433 1838 donec
1452 1799 1522 1837 sub

323 1876 440 1915 finem
477 1877 595 1915 seculi
626 1876 884 1928 praecedentis
912 1877 1061 1915 Reizius
1090 1889 1197 1914 suam
1220 1875 1426 1928 editionem
1444 1905 1453 1921 ‚
1484 1876 1523 1913 in

323 1961 434 1986 usum
451 1949 749 2001 praelectionum
769 1949 1082 1987 Academicarum
1093 1957 1351 2002 comparatam
1364 1978 1373 1994 ,
1389 1949 1522 2001 vulga-

324 2023 391 2061 vit.
422 2022 560 2062 Nullus
584 2037 672 2062 vero
692 2025 874 2063 seriorum
900 2025 1152 2077 interpretum
1172 2031 1317 2062 tantam
1343 2024 1526 2062 Persianis

324 2097 444 2136 satiris
468 2097 595 2137 lucem
617 2098 748 2137 affudit
771 2099 927 2152 eiusque
956 2099 1159 2138 lectionem
1189 2099 1378 2153 promovit
1410 2112 1524 2151 quam

324 2173 493 2224 quinque
501 2180 588 2212 ante
602 2175 707 2212 annis
718 2173 807 2213 Otto
816 2173 983 2212 Iahnius.
1014 2173 1094 2211 Nec
1107 2173 1217 2212 facile
1226 2175 1405 2226 cuiquam
1420 2182 1524 2213 vete-

325 2257 409 2282 rum
429 2246 826 2299 scriptorum—editori,
856 2248 886 2286 si
904 2246 1075 2287 Cortium
1095 2246 1127 2299 1)
1145 2248 1185 2285 in
1202 2248 1357 2287 Lucano
1372 2249 1525 2293 eximas,

325 2327 479 2358 tantum
508 2320 681 2360 codicum
708 2335 914 2361 numerum
934 2329 1107 2361 excutere
1125 2322 1246 2361 licuit.
1296 2322 1406 2362 Circa
1423 2322 1525 2361 idem

373 2469 401 2508 ¹)
448 2469 589 2499 Fuerunt
610 2468 638 2499 ei
660 2466 774 2499 codices
796 2466 905 2499 collati
930 2469 970 2500 '79
993 2478 1146 2507 numer03
1168 2467 1205 2500 cf.
1235 2467 1356 2500 Weber.
1380 2468 1413 2498 in
1436 2465 1526 2510 praef.

328 2519 404 2552 edit.
430 2522 526 2554 Curtii
547 2527 647 2555 morte
669 2521 863 2566 interruptae
876 2547 885 2564 ‚
907 2534 938 2567 p.
961 2523 1167 2555 Kx-XXVI.

1354 2579 1370 2612 l
