1857 3113
894 238 917 273 3

305 343 501 396 inspicere,
517 342 565 382 ad
576 343 700 381 virum
715 342 806 383 clar.
825 341 1014 390 Geelium,
1030 342 1282 382 bibliothecae
1293 341 1400 395 Lugd
1407 355 1501 380 uno-

304 417 466 457 Batavae
492 418 748 470 praefectum,
778 431 841 456 me
869 418 1051 464 converti,
1084 418 1150 470 qui
1175 431 1244 471 pro
1273 417 1410 469 insigni
1436 430 1503 455 sua

304 490 532 530 liberalitate
572 491 764 530 Persianos
803 490 950 529 codices
984 491 1072 530 Mss.
1098 520 1108 537 ,
1158 492 1225 543 qui
1258 490 1397 528 Leidae
1437 502 1500 527 ex-

265 586 270 590 -
302 573 430 612 stant,
470 580 599 604 omnes
639 566 734 604 mihi
773 566 977 606 transmisit
1018 567 1188 620 quinque
1223 579 1382 605 numero
1399 595 1408 611 ‚
1450 562 1499 603 de

303 638 439 690 quibus
468 640 595 678 statim
623 641 744 679 acturi
771 653 913 679 sumus.

355 713 479 750 Pauca
503 713 628 752 adhuc
656 715 702 754 de
725 717 804 768 ipsa
823 729 908 753 mea
937 714 1191 768 disputatione
1219 712 1499 767 praemonenda

301 785 436 825 habeo.
470 787 542 826 Pro
560 788 720 835 ratione,
740 802 856 841 quam
879 789 919 827 in
943 802 985 827 ea
1014 802 1097 827 sum
1122 796 1286 835 secutus,
1319 800 1497 826 nonnun-

301 872 427 911 quam·
437 861 550 900 etiam
568 862 607 900 in
625 875 781 902 censum
800 870 982 902 vocantur
1008 862 1207 909 lectiones,
1230 876 1391 915 quarum
1412 869 1497 899 utra

300 935 462 986 eligatur
494 937 553 975 vel
579 951 716 989 parum
750 939 885 976 referat
914 938 976 977 vel
1002 922 1156 976 difficile
1184 937 1394 976 diiudicata
1422 937 1492 982 sit;

300 1023 361 1049 eas
398 1019 525 1049 tamen
566 1012 741 1050 omittere
779 1011 888 1049 nolui
915 1024 963 1049 ne
992 1025 1013 1049 a
1039 1011 1232 1064 proposito
1263 1011 1492 1049 aberrarem.

299 1085 444 1124 Deinde
457 1099 535 1123 non
550 1085 684 1123 inutile
702 1086 789 1123 duxi
808 1085 991 1133 indicare,
1011 1087 1168 1138 quinam
1184 1094 1396 1124 ceterorum
1415 1085 1495 1123 edi-

298 1166 438 1206 torum,
464 1173 558 1211 quos
578 1167 643 1198 aut
660 1160 739 1212 ipse
767 1160 1024 1212 inspexissem‚
1045 1168 1112 1198 aut
1130 1173 1293 1212 quorum
1310 1159 1493 1198 lectiones

299 1246 342 1272 ex
361 1233 441 1272 aliis
460 1232 667 1272 editoribus
685 1232 779 1271 mihi
801 1233 1068 1279 innotuissent,
1087 1232 1185 1271 hanc
1213 1234 1366 1272 illamve
1386 1234 1494 1271 lecti-

298 1321 411 1346 onem
439 1309 513 1347 sint
541 1309 674 1355 secuti,
704 1317 748 1347 ut
772 1309 825 1347 sic
853 1322 929 1347 uno
949 1315 1154 1362 conspectu
1173 1316 1384 1363 appareret,
1405 1307 1496 1360 quid

297 1382 436 1435 singuli
463 1390 610 1421 rectum
637 1383 697 1421 vel
724 1397 885 1436 pravum
913 1383 1125 1436 receperint
1154 1383 1214 1421 vel
1252 1381 1493 1420 commenda-

297 1456 418 1494 verint
436 1472 446 1504 ;
496 1457 536 1494 id
576 1456 676 1508 quod
704 1464 835 1508 postea
878 1457 954 1494 vidi
997 1457 1112 1495 etiam
1141 1470 1163 1494 a
1192 1456 1273 1497 viro
1300 1456 1412 1493 docto
1459 1455 1492 1505 1)

297 1529 417 1582 optari
444 1536 487 1568 ut
515 1542 536 1567 a
562 1529 695 1568 Iahnio
723 1529 868 1568 factum
896 1530 1040 1569 fuisset.
1082 1530 1137 1568 Ex
1165 1530 1209 1567 iis
1243 1536 1370 1567 autem
1399 1542 1493 1581 quas

296 1602 374 1656 ipse
408 1604 572 1656 inspexi,
616 1603 823 1642 Schrevelii
849 1611 888 1643 et
916 1604 1090 1657 Koenigii
1128 1604 1311 1643 editiones
1338 1603 1495 1642 minoris

295 1676 392 1715 mihi
418 1678 517 1717 visae
545 1686 633 1718 sunt
660 1693 737 1718 esse
765 1680 963 1719 momenti.
1004 1679 1076 1718 Ille
1104 1679 1206 1718 enim
1234 1679 1274 1717 in
1301 1679 1494 1731 plerisque

296 1751 443 1791 Pithoei
469 1761 618 1792 secutus
646 1761 702 1794 est
730 1754 934 1793 editionem
952 1767 1098 1806 queque,
1129 1753 1196 1791 ubi
1225 1754 1271 1791 ab
1301 1767 1344 1792 ea
1372 1753 1490 1791 disce-

297 1824 367 1871 dit,
397 1827 594 1866 meliorem
623 1842 770 1880 semper
794 1828 988 1879 amplexus
1016 1835 1072 1865 est
1098 1827 1314 1865 lectionem.
1347 1826 1491 1863 Eadem

296 1896 375 1936 fere
402 1899 496 1938 ratio
524 1900 724 1938 intercedit
742 1900 997 1952 Koenigianae
1015 1898 1170 1937 editioni
1187 1912 1275 1937 cum
1294 1899 1486 1946 Reiziana3

294 1986 434 2026 neque,
458 1975 489 2013 si
511 1973 834 2013 commentarium
856 1983 1013 2027 spectes,
1041 1989 1219 2027 magnam
1236 1975 1388 2013 laudem
1408 1988 1489 2013 me-

295 2054 414 2094 retur,
437 2061 686 2101 quamquam,
707 2056 750 2087 ut
769 2055 871 2088 recte
889 2049 1155 2088 animadvertit
1174 2047 1415 2087 Heinrichius
1431 2047 1467 2100 2)
1479 2077 1489 2095 ,

295 2120 344 2160 de
371 2122 526 2175 singulis
554 2124 698 2162 consuli
736 2131 872 2176 potest.
922 2124 1025 2174 Quae
1053 2137 1141 2162 vero
1181 2123 1221 2160 in
1262 2122 1491 2160 Annotatio-

293 2197 407 2236 nibus
435 2200 620 2252 congessit
638 2198 889 2245 Schrevelius,
918 2212 963 2238 ea
989 2197 1092 2237 haud
1111 2212 1195 2236 raro
1215 2211 1236 2237 e
1261 2198 1371 2237 variis
1391 2198 1490 2236 viro—

295 2285 381 2311 rum
424 2273 624 2312 doctorum
666 2272 1041 2328 interpretationibus
1069 2272 1149 2312 sine
1177 2273 1257 2312 ullo
1285 2271 1490 2325 compilata

339 2400 369 2442 ¹)
413 2398 542 2431 Teuffel.
564 2399 599 2432 in
621 2410 699 2432 oens.
722 2398 825 2432 laudd.
849 2398 938 2433 editt.
960 2399 1075 2441 Persii,
1097 2399 1132 2432 iu
1154 2401 1218 2432 Ien.
1241 2398 1376 2444 Allgem.
1396 2398 1488 2432 Liter.

293 2455 361 2498 ztg.
385 2456 493 2497 1845,
515 2466 545 2500 p.
570 2456 622 2488 78.

338 2510 368 2551 ²)
412 2511 484 2554 Pag.
508 2513 581 2553 644
603 2509 640 2544 ef.
663 2509 760 2545 etiam
781 2511 895 2546 Passov.
918 2522 986 2558 pag.
1009 2513 1076 2557 15⁰.
1086 2520 1164 2557 ,ἤνις-

1288 2564 1334 2604 14
