1857 3113
898 338 922 372 6

301 440 429 478 locum
470 453 557 478 cum
586 439 717 480 codice
745 441 851 481 Leid.
883 441 1078 480 conferens
1117 441 1285 481 Merulae
1312 440 1429 481 fidem
1459 442 1506 493 (si

304 515 460 567 quidem
477 514 582 554 Leid.
598 523 637 555 et
650 515 811 556 Vulcan.
833 515 937 555 idem
956 516 1058 568 sunt)
1079 516 1219 556 salvam
1237 518 1373 572 reperi.
1404 516 1507 556 Illud

304 590 461 643 quidem
489 590 658 629 scholion
687 605 766 630 non
794 593 924 646 magni
950 592 1128 646 ponderis
1156 601 1230 641 est,
1260 594 1324 633 sed
1352 607 1392 633 re
1421 606 1507 632 vera

305 666 534 719 locupletius
562 680 678 718 quam
706 667 865 707 editum.
925 667 1050 705 Verba
1068 697 1079 713 ,
1116 680 1214 720 quae
1243 668 1334 706 citat
1361 667 1508 706 Merula

305 748 393 779 sunt
421 754 465 780 ex
494 749 711 780 commento
746 742 793 780 ad
834 741 936 781 Prol.
980 756 1034 782 vs,
1080 744 1125 789 2,
1168 741 1214 779 ad
1242 741 1321 780 Sat.
1352 742 1407 780 VI
1436 755 1505 788 ηε.

308 818 326 854 1
361 823 399 854 et
430 818 494 854 10.
552 816 603 854 Iis
648 823 777 854 autem
817 831 914 869 quae
949 817 1064 855 etiam
1093 816 1134 854 in
1166 816 1290 863 edito,
1336 823 1380 854 ut
1407 827 1510 854 nunc

306 889 511 936 habemus,
541 889 722 942 leguntur
749 890 795 928 ad
823 904 877 930 vs.
917 893 954 938 1,
985 891 1064 930 Sat.
1095 891 1190 937 ult.‚
1220 896 1304 943 post
1331 888 1465 927 verba:

353 962 448 993 Cuius
470 963 565 994 etiam
586 964 704 995 Ennius
726 965 760 995 in
782 965 935 1009 principio
956 965 1119 997 annalium
1141 976 1266 997 suorum
1288 963 1432 995 meminit
1453 962 1511 994 hoe

350 1038 459 1067 versu,
496 1039 590 1071 quem
612 1028 707 1060 etiam
729 1029 848 1060 Persius
881 1029 1071 1061 carminibus
1092 1029 1156 1061 suis
1179 1028 1284 1061 iunxit
1305 1033 1338 1060 et:
1357 1026 1451 1059 refert
1471 1026 1511 1059 ab

352 1092 452 1123 Ennio
474 1091 614 1123 ablatum
628 1115 639 1132 ‚

307 1156 454 1194 Merula
484 1170 528 1194 ex
556 1157 687 1195 codice
715 1157 787 1196 Ms.
818 1157 996 1196 Vulcanii
1023 1158 1118 1196 haec
1146 1157 1279 1196 addit:

352 1231 409 1275 qui
432 1231 551 1262 Ennius
572 1230 629 1262 hoc
651 1231 772 1274 scripsit
784 1230 859 1263 dum
882 1242 913 1263 se
931 1231 1093 1263 somniasse
1114 1231 1148 1263 in
1170 1232 1313 1263 Parnasso
1334 1228 1458 1262 dixisset
1478 1234 1512 1261 et

350 1295 448 1327 visam
471 1296 595 1327 Homeri
615 1296 742 1327 aninam
763 1296 931 1329 secundum
953 1297 1141 1341 Pythagorae
1162 1297 1304 1341 dogmata
1314 1307 1367 1340 per
1378 1295 1512 1327 aliorum

354 1369 479 1401 corpora
500 1358 539 1389 ad
561 1370 592 1390 se
617 1359 756 1399 venisse,

309 1437 408 1475 quae
449 1422 610 1461 totidem
650 1424 773 1462 verbis
813 1424 853 1463 in
895 1424 1025 1463 codice
1053 1424 1124 1464 Ms.
1159 1424 1269 1464 Leid.
1298 1437 1339 1463 n.
1370 1423 1420 1461 78
1455 1422 1512 1461 le-

308 1501 479 1550 guntur,
525 1496 588 1535 sed
627 1497 667 1534 in
706 1496 808 1535 edito
835 1497 951 1550 plane
980 1497 1253 1537 desiderantur.
1312 1496 1394 1535 Hoc
1423 1508 1511 1534 vero

308 1578 575 1624 argumentum
592 1600 602 1616 ‚
648 1570 721 1608 nisi
748 1571 821 1609 alia
851 1572 1074 1611 accederent
1092 1603 1102 1620 ,
1140 1573 1260 1611 levius
1288 1584 1366 1609 esse
1395 1582 1513 1621 quam

308 1653 353 1684 ut
380 1659 450 1698 pro
485 1652 588 1683 certo
620 1644 764 1697 aliquid
789 1659 833 1683 ex
865 1660 908 1684 eo
938 1647 1101 1698 probare
1132 1647 1278 1692 liceret,
1311 1658 1398 1683 mox
1430 1643 1511 1681 ani-

310 1719 498 1757 madverti
537 1719 707 1771 inspecto
750 1719 881 1758 codice
915 1720 1022 1759 Voss.
1054 1735 1094 1759 n.
1127 1723 1176 1759 18
1205 1720 1245 1758 in
1273 1733 1348 1771 quo
1379 1718 1512 1757 eadem

311 1793 377 1831 illa
406 1793 599 1845 leguntur.
657 1791 708 1831 At
743 1806 842 1845 quae
875 1793 1021 1832 Merula
1051 1808 1163 1847 porro
1195 1794 1301 1832 affert
1333 1793 1379 1831 ad
1402 1792 1510 1833 Prol-

310 1882 362 1907 νε.
385 1870 424 1914 2,
454 1881 606 1921 prorsus
636 1867 791 1919 quidem
811 1869 1043 1907 conveniunt
1068 1881 1156 1906 cum
1174 1868 1217 1906 iis
1236 1882 1334 1920 quae
1352 1868 1389 1905 in
1410 1866 1511 1905 edito

311 1949 485 1989 exstant,
529 1941 592 1981 sed
618 1941 733 1995 plane
774 1942 919 1981 diverso
955 1943 1068 1982 modo
1105 1943 1286 1996 leguntur
1313 1943 1353 1981 in
1383 1941 1510 1981 Vossi-

312 2032 413 2064 ano;
447 2018 555 2055 cuius
582 2017 697 2055 verba
725 2016 771 2054 ad
797 2017 901 2055 hunc
929 2032 1078 2056 versum
1106 2017 1201 2056 haec
1229 2024 1346 2056 sunt:

356 2090 520 2132 Bicipitem
543 2089 640 2129 dicit,
663 2088 737 2132 quia
759 2100 846 2120 mons
871 2100 1015 2133 pal-nasus
1037 2089 1188 2122 dividitur
1210 2090 1244 2122 in
1266 2090 1327 2121 duo
1350 2089 1457 2132 iugera
1478 2089 1512 2121 in

356 2155 473 2187 elicona
505 2159 536 2186 et
569 2153 703 2186 duorum
737 2144 857 2198 capiti-cl
903 2157 985 2186 Mons
1015 2155 1049 2186 in
1079 2155 1139 2187 tria
1172 2155 1321 2186 dividitur
1350 2154 1385 2186 in
1418 2153 1512 2197 iuga,

354 2220 389 2252 in
411 2220 528 2260 latera,
550 2220 585 2251 in
608 2220 729 2252 radices.
775 2221 901 2252 Helicon
936 2231 1023 2252 mons
1056 2219 1174 2252 boetiae
1196 2220 1292 2251 musis
1313 2224 1511 2251 consecratus.

354 2285 468 2329 Tangit
490 2284 541 2317 hic
562 2284 691 2316 ennium
713 2284 768 2329 qui
790 2285 869 2317 dixit
891 2296 922 2317 se
944 2284 1053 2316 vidisse
1080 2296 1134 2329 per
1167 2284 1323 2316 somnium
1345 2286 1512 2315 Homerum

356 2350 414 2382 sibi
437 2350 589 2381 dicentem
611 2350 692 2394 quod
715 2351 780 2382 eius
802 2351 904 2382 anima
927 2351 962 2381 in
984 2362 1037 2382 suo
1059 2356 1136 2381 esset
1169 2361 1299 2394 corpore.
1344 2349 1513 2381 Somniasse

356 2415 436 2446 sicut
457 2415 621 2446 somniavit
644 2414 743 2458 gallus
764 2421 803 2447 ut
824 2415 859 2446 in
881 2414 1007 2458 virgilio
1029 2413 1161 2446 habetur
1183 2420 1215 2446 et
1235 2413 1333 2446 factus
1355 2419 1400 2445 est
1415 2418 1512 2457 poeta.

355 2481 440 2511 Mons
460 2485 558 2510 cretae
579 2485 612 2510 et
633 2480 726 2512 habet
748 2481 808 2512 duo
829 2481 928 2524 capita
950 2479 999 2512 vel
1021 2491 1135 2511 cornua
1156 2480 1177 2511 i.
1198 2490 1223 2511 e.
1236 2480 1349 2511 cir-ram
1359 2483 1392 2510 et
1402 2478 1510 2511 nisam.

357 2548 396 2578 In
417 2545 531 2577 cirram
553 2544 625 2586 (sic)
647 2544 761 2576 colitur
781 2544 904 2588 apollo,
926 2545 961 2577 in
982 2544 1049 2576 nisa
1069 2542 1148 2575 liber
1169 2548 1265 2586 pater.

362 2612 561 2651 Praeterea
589 2609 737 2663 Lipsius
765 2609 812 2648 ad
834 2609 923 2649 Tac.
955 2610 1056 2648 Anu.
1090 2608 1174 2654 XV,
1206 2610 1252 2646 71
1275 2614 1312 2647 et
1332 2607 1435 2655 XVI,
1459 2610 1510 2647 34
