<?xml version="1.0" encoding="UTF-8"?>
<!DOCTYPE html PUBLIC "-//W3C//DTD XHTML 1.0 Transitional//EN"
    "http://www.w3.org/TR/xhtml1/DTD/xhtml1-transitional.dtd">
<html xmlns="http://www.w3.org/1999/xhtml" xml:lang="en" lang="en">
 <head>
  <title>
</title>
<meta http-equiv="Content-Type" content="text/html;charset=utf-8" />
  <meta name='ocr-system' content='tesseract 3.04.00' />
  <meta name='ocr-capabilities' content='ocr_page ocr_carea ocr_par ocr_line ocrx_word'/>
</head>
<body>
  <div class='ocr_page' id='page_1' title='image "./4627210_0033.png"; bbox 0 0 1857 3113; ppageno 0'>
   <div class='ocr_carea' id='block_1_1' title="bbox 866 268 913 308">
    <p class='ocr_par' dir='ltr' id='par_1_1' title="bbox 866 268 913 308">
     <span class='ocr_line' id='line_1_1' title="bbox 866 268 913 308; baseline 0.021 -1"><span class='ocrx_word' id='word_1_1' title='bbox 866 268 913 308; x_wconf 84' lang='lat'><strong>13</strong></span> 
     </span>
    </p>
   </div>
   <div class='ocr_carea' id='block_1_2' title="bbox 297 375 1481 502">
    <p class='ocr_par' dir='ltr' id='par_1_2' title="bbox 297 375 1481 502">
     <span class='ocr_line' id='line_1_2' title="bbox 297 375 1481 431; baseline -0.003 -14"><span class='ocrx_word' id='word_1_2' title='bbox 297 377 359 417; x_wconf 82' lang='lat' dir='ltr'><strong>vel</strong></span> <span class='ocrx_word' id='word_1_3' title='bbox 385 379 453 431; x_wconf 90' lang='lat' dir='ltr'><strong>qui</strong></span> <span class='ocrx_word' id='word_1_4' title='bbox 481 379 599 417; x_wconf 85' lang='lat' dir='ltr'><strong>sciant</strong></span> <span class='ocrx_word' id='word_1_5' title='bbox 628 375 719 429; x_wconf 89' lang='lat' dir='ltr'><strong>quid</strong></span> <span class='ocrx_word' id='word_1_6' title='bbox 746 375 899 414; x_wconf 84' lang='lat' dir='ltr'><strong>tandem</strong></span> <span class='ocrx_word' id='word_1_7' title='bbox 928 375 975 415; x_wconf 87' lang='lat' dir='ltr'><strong>de</strong></span> <span class='ocrx_word' id='word_1_8' title='bbox 1003 388 1047 414; x_wconf 90' lang='lat' dir='ltr'><strong>eo</strong></span> <span class='ocrx_word' id='word_1_9' title='bbox 1082 375 1211 415; x_wconf 86' lang='lat' dir='ltr'><strong>codice</strong></span> <span class='ocrx_word' id='word_1_10' title='bbox 1249 375 1392 414; x_wconf 83' lang='lat' dir='ltr'><strong>factum</strong></span> <span class='ocrx_word' id='word_1_11' title='bbox 1423 376 1481 413; x_wconf 89' lang='lat' dir='ltr'><strong>sit.</strong></span> 
     </span>
     <span class='ocr_line' id='line_1_3' title="bbox 297 450 894 502; baseline -0.007 -11"><span class='ocrx_word' id='word_1_12' title='bbox 297 450 341 492; x_wconf 88' lang='lat' dir='ltr'><strong>In</strong></span> <span class='ocrx_word' id='word_1_13' title='bbox 371 453 552 491; x_wconf 83' lang='lat' dir='ltr'><strong>vossiano</strong></span> <span class='ocrx_word' id='word_1_14' title='bbox 581 458 682 490; x_wconf 84' lang='lat' dir='ltr'><strong>certe</strong></span> <span class='ocrx_word' id='word_1_15' title='bbox 710 450 894 502; x_wconf 80' lang='lat' dir='ltr'><strong>legimus:</strong></span> 
     </span>
    </p>
   </div>
   <div class='ocr_carea' id='block_1_3' title="bbox 336 523 1488 889">
    <p class='ocr_par' dir='ltr' id='par_1_3' title="bbox 336 523 1488 889">
     <span class='ocr_line' id='line_1_4' title="bbox 336 523 1483 569; baseline -0.002 -12"><span class='ocrx_word' id='word_1_16' title='bbox 336 526 450 557; x_wconf 72' lang='lat' dir='ltr'><strong>&#39;tuceta</strong></span> <span class='ocrx_word' id='word_1_17' title='bbox 472 525 620 556; x_wconf 84' lang='lat' dir='ltr'><strong>dicuntur</strong></span> <span class='ocrx_word' id='word_1_18' title='bbox 641 535 722 556; x_wconf 80' lang='lat' dir='ltr'>escae</span> <span class='ocrx_word' id='word_1_19' title='bbox 734 524 855 567; x_wconf 81' lang='lat' dir='ltr'><strong>regiae,</strong></span> <span class='ocrx_word' id='word_1_20' title='bbox 878 523 958 555; x_wconf 87' lang='lat' dir='ltr'><strong>sicut</strong></span> <span class='ocrx_word' id='word_1_21' title='bbox 969 523 1201 567; x_wconf 81' lang='lat' dir='ltr'><strong>callimorphius</strong></span> <span class='ocrx_word' id='word_1_22' title='bbox 1223 526 1298 557; x_wconf 84' lang='lat' dir='ltr'><strong>dicit</strong></span> <span class='ocrx_word' id='word_1_23' title='bbox 1320 526 1355 556; x_wconf 90' lang='lat' dir='ltr'><strong>in</strong></span> <span class='ocrx_word' id='word_1_24' title='bbox 1378 525 1483 569; x_wconf 88' lang='lat' dir='ltr'><strong>piseis:</strong></span> 
     </span>
     <span class='ocr_line' id='line_1_5' title="bbox 337 587 1485 632; baseline 0 -13"><span class='ocrx_word' id='word_1_25' title='bbox 337 588 496 620; x_wconf 85' lang='lat' dir='ltr'><strong>Ambrosio</strong></span> <span class='ocrx_word' id='word_1_26' title='bbox 524 588 662 620; x_wconf 84' lang='lat' dir='ltr'><strong>redolent</strong></span> <span class='ocrx_word' id='word_1_27' title='bbox 695 594 792 621; x_wconf 82' lang='lat' dir='ltr'><strong>taeeta</strong></span> <span class='ocrx_word' id='word_1_28' title='bbox 814 587 947 620; x_wconf 86' lang='lat' dir='ltr'><strong>favorem</strong></span> <span class='ocrx_word' id='word_1_29' title='bbox 977 587 1013 630; x_wconf 94' lang='lat' dir='ltr'><strong>(l.</strong></span> <span class='ocrx_word' id='word_1_30' title='bbox 1037 588 1261 632; x_wconf 83' lang='lat' dir='ltr'><strong>Callimorphus</strong></span> <span class='ocrx_word' id='word_1_31' title='bbox 1284 588 1359 619; x_wconf 86' lang='lat' dir='ltr'><strong>dicit</strong></span> <span class='ocrx_word' id='word_1_32' title='bbox 1381 588 1415 619; x_wconf 90' lang='lat' dir='ltr'><strong>in</strong></span> <span class='ocrx_word' id='word_1_33' title='bbox 1437 588 1485 620; x_wconf 87' lang='lat' dir='ltr'><strong>Pi-</strong></span> 
     </span>
     <span class='ocr_line' id='line_1_6' title="bbox 338 652 1488 696; baseline -0.003 -11"><span class='ocrx_word' id='word_1_34' title='bbox 338 654 431 685; x_wconf 88' lang='lat' dir='ltr'><strong>saeis:</strong></span> <span class='ocrx_word' id='word_1_35' title='bbox 468 654 635 685; x_wconf 80' lang='lat' dir='ltr'><strong>Ambrosio</strong></span> <span class='ocrx_word' id='word_1_36' title='bbox 667 654 816 685; x_wconf 80' lang='lat' dir='ltr'><strong><em>redolent</em></strong></span> <span class='ocrx_word' id='word_1_37' title='bbox 848 660 957 684; x_wconf 77' lang='lat' dir='ltr'><strong>tuceta</strong></span> <span class='ocrx_word' id='word_1_38' title='bbox 991 665 1107 695; x_wconf 81' lang='lat' dir='ltr'><strong>sapore</strong></span> <span class='ocrx_word' id='word_1_39' title='bbox 1132 655 1182 696; x_wconf 91' lang='lat'><strong>¹))</strong></span> <span class='ocrx_word' id='word_1_40' title='bbox 1217 652 1267 684; x_wconf 87' lang='lat' dir='ltr'><strong>vel</strong></span> <span class='ocrx_word' id='word_1_41' title='bbox 1289 658 1392 683; x_wconf 71' lang='lat' dir='ltr'><strong>tuceta</strong></span> <span class='ocrx_word' id='word_1_42' title='bbox 1414 657 1488 683; x_wconf 79' lang='lat' dir='ltr'><strong>sunt</strong></span> 
     </span>
     <span class='ocr_line' id='line_1_7' title="bbox 338 716 1486 762; baseline -0.003 -11"><span class='ocrx_word' id='word_1_43' title='bbox 338 730 442 752; x_wconf 87' lang='lat' dir='ltr'><strong>carnes</strong></span> <span class='ocrx_word' id='word_1_44' title='bbox 452 718 599 750; x_wconf 90' lang='lat' dir='ltr'><strong>bubaline</strong></span> <span class='ocrx_word' id='word_1_45' title='bbox 621 718 822 750; x_wconf 85' lang='lat' dir='ltr'><strong>condimentis</strong></span> <span class='ocrx_word' id='word_1_46' title='bbox 844 718 1027 762; x_wconf 86' lang='lat' dir='ltr'><strong>quibusdam</strong></span> <span class='ocrx_word' id='word_1_47' title='bbox 1048 719 1151 750; x_wconf 86' lang='lat' dir='ltr'><strong>crassis</strong></span> <span class='ocrx_word' id='word_1_48' title='bbox 1173 718 1267 750; x_wconf 81' lang='lat' dir='ltr'><strong>oblite</strong></span> <span class='ocrx_word' id='word_1_49' title='bbox 1288 717 1344 748; x_wconf 86' lang='lat' dir='ltr'><strong>hac</strong></span> <span class='ocrx_word' id='word_1_50' title='bbox 1367 717 1441 758; x_wconf 75' lang='lat' dir='ltr'><strong>(sic,</strong></span> <span class='ocrx_word' id='word_1_51' title='bbox 1463 716 1486 747; x_wconf 87' lang='lat' dir='ltr'><strong>l.</strong></span> 
     </span>
     <span class='ocr_line' id='line_1_8' title="bbox 338 781 1484 825; baseline -0.001 -12"><span class='ocrx_word' id='word_1_52' title='bbox 338 794 378 813; x_wconf 83' lang='lat' dir='ltr'><strong>ac</strong></span> <span class='ocrx_word' id='word_1_53' title='bbox 400 795 471 814; x_wconf 91' lang='lat' dir='ltr'><strong>cum</strong></span> <span class='ocrx_word' id='word_1_54' title='bbox 505 782 560 825; x_wconf 84' lang='lat' dir='ltr'><strong>gu.</strong></span> <span class='ocrx_word' id='word_1_55' title='bbox 583 782 679 824; x_wconf 83' lang='lat' dir='ltr'><strong>Pith.)</strong></span> <span class='ocrx_word' id='word_1_56' title='bbox 711 788 860 814; x_wconf 79' lang='lat' dir='ltr'><strong>macerate</strong></span> <span class='ocrx_word' id='word_1_57' title='bbox 882 788 913 813; x_wconf 86' lang='lat' dir='ltr'><strong>et</strong></span> <span class='ocrx_word' id='word_1_58' title='bbox 942 782 1008 814; x_wconf 88' lang='lat' dir='ltr'><strong>ideo</strong></span> <span class='ocrx_word' id='word_1_59' title='bbox 1038 788 1103 814; x_wconf 79' lang='lat' dir='ltr'><strong>toto</strong></span> <span class='ocrx_word' id='word_1_60' title='bbox 1125 794 1205 814; x_wconf 90' lang='lat' dir='ltr'><strong>anno</strong></span> <span class='ocrx_word' id='word_1_61' title='bbox 1235 782 1359 813; x_wconf 83' lang='lat' dir='ltr'><strong>durant.</strong></span> <span class='ocrx_word' id='word_1_62' title='bbox 1404 781 1484 822; x_wconf 87' lang='lat' dir='ltr'><strong>Quia</strong></span> 
     </span>
     <span class='ocr_line' id='line_1_9' title="bbox 342 844 1488 889; baseline -0.001 -13"><span class='ocrx_word' id='word_1_63' title='bbox 342 845 453 889; x_wconf 85' lang='lat' dir='ltr'><strong>inquid</strong></span> <span class='ocrx_word' id='word_1_64' title='bbox 485 845 579 877; x_wconf 91' lang='lat' dir='ltr'><strong>nimis</strong></span> <span class='ocrx_word' id='word_1_65' title='bbox 618 845 748 877; x_wconf 84' lang='lat' dir='ltr'><strong>comedis</strong></span> <span class='ocrx_word' id='word_1_66' title='bbox 781 845 848 877; x_wconf 85' lang='lat' dir='ltr'><strong>ideo</strong></span> <span class='ocrx_word' id='word_1_67' title='bbox 867 856 929 877; x_wconf 89' lang='lat' dir='ltr'><strong>non</strong></span> <span class='ocrx_word' id='word_1_68' title='bbox 951 851 1051 889; x_wconf 81' lang='lat' dir='ltr'><strong>potest</strong></span> <span class='ocrx_word' id='word_1_69' title='bbox 1073 846 1143 887; x_wconf 87' lang='lat' dir='ltr'><strong>(sic)</strong></span> <span class='ocrx_word' id='word_1_70' title='bbox 1166 856 1227 877; x_wconf 84' lang='lat' dir='ltr'><strong>esse</strong></span> <span class='ocrx_word' id='word_1_71' title='bbox 1249 844 1335 876; x_wconf 84' lang='lat' dir='ltr'><strong>fortis</strong></span> <span class='ocrx_word' id='word_1_72' title='bbox 1356 855 1413 875; x_wconf 87' lang='lat' dir='ltr'><strong>nec</strong></span> <span class='ocrx_word' id='word_1_73' title='bbox 1433 844 1488 876; x_wconf 87' lang='lat' dir='ltr'><strong>diu</strong></span> 
     </span>
    </p>
   </div>
   <div class='ocr_carea' id='block_1_4' title="bbox 288 921 1491 1990">
    <p class='ocr_par' dir='ltr' id='par_1_4' title="bbox 338 921 448 942">
     <span class='ocr_line' id='line_1_10' title="bbox 338 921 448 942; baseline 0 -1"><span class='ocrx_word' id='word_1_74' title='bbox 338 921 448 942; x_wconf 77' lang='lat' dir='ltr'><strong>Vlvel&#39;e.</strong></span> 
     </span>
    </p>

    <p class='ocr_par' dir='ltr' id='par_1_5' title="bbox 288 975 1488 1607">
     <span class='ocr_line' id='line_1_11' title="bbox 347 975 1484 1029; baseline -0.002 -15"><span class='ocrx_word' id='word_1_75' title='bbox 347 975 482 1028; x_wconf 88' lang='lat' dir='ltr'><strong>Neque</strong></span> <span class='ocrx_word' id='word_1_76' title='bbox 509 976 618 1029; x_wconf 87' lang='lat' dir='ltr'><strong>plura</strong></span> <span class='ocrx_word' id='word_1_77' title='bbox 646 975 821 1028; x_wconf 78' lang='lat' dir='ltr'><strong>colligere</strong></span> <span class='ocrx_word' id='word_1_78' title='bbox 848 975 938 1013; x_wconf 87' lang='lat' dir='ltr'><strong>licet</strong></span> <span class='ocrx_word' id='word_1_79' title='bbox 971 989 1015 1014; x_wconf 83' lang='lat' dir='ltr'><strong>ex</strong></span> <span class='ocrx_word' id='word_1_80' title='bbox 1047 989 1091 1014; x_wconf 88' lang='lat' dir='ltr'><strong>eo</strong></span> <span class='ocrx_word' id='word_1_81' title='bbox 1119 975 1220 1027; x_wconf 89' lang='lat' dir='ltr'><strong>quod</strong></span> <span class='ocrx_word' id='word_1_82' title='bbox 1255 975 1414 1013; x_wconf 90' lang='lat' dir='ltr'><strong>Vinetus</strong></span> <span class='ocrx_word' id='word_1_83' title='bbox 1448 975 1484 1023; x_wconf 86' lang='lat'><strong>2)</strong></span> 
     </span>
     <span class='ocr_line' id='line_1_12' title="bbox 296 1049 1486 1104; baseline -0.001 -14"><span class='ocrx_word' id='word_1_84' title='bbox 296 1052 387 1090; x_wconf 86' lang='lat' dir='ltr'><strong>dicit</strong></span> <span class='ocrx_word' id='word_1_85' title='bbox 414 1052 453 1089; x_wconf 92' lang='lat' dir='ltr'><strong>in</strong></span> <span class='ocrx_word' id='word_1_86' title='bbox 483 1051 584 1089; x_wconf 87' lang='lat' dir='ltr'><strong>Tillii</strong></span> <span class='ocrx_word' id='word_1_87' title='bbox 612 1050 741 1089; x_wconf 89' lang='lat' dir='ltr'><strong>codice</strong></span> <span class='ocrx_word' id='word_1_88' title='bbox 770 1050 816 1089; x_wconf 88' lang='lat' dir='ltr'><strong>ad</strong></span> <span class='ocrx_word' id='word_1_89' title='bbox 845 1049 924 1089; x_wconf 85' lang='lat' dir='ltr'><strong>Sat.</strong></span> <span class='ocrx_word' id='word_1_90' title='bbox 954 1050 974 1089; x_wconf 92' lang='lat' dir='ltr'>I</span> <span class='ocrx_word' id='word_1_91' title='bbox 995 1082 1005 1099; x_wconf 93' lang='lat'>‚</span> <span class='ocrx_word' id='word_1_92' title='bbox 1045 1053 1094 1090; x_wconf 90' lang='lat'><strong>25</strong></span> <span class='ocrx_word' id='word_1_93' title='bbox 1114 1081 1124 1097; x_wconf 91' lang='lat'><strong><em>,</em></strong></span> <span class='ocrx_word' id='word_1_94' title='bbox 1153 1066 1222 1104; x_wconf 91' lang='lat' dir='ltr'><strong>pro</strong></span> <span class='ocrx_word' id='word_1_95' title='bbox 1251 1051 1354 1089; x_wconf 81' lang='lat' dir='ltr'><strong>Brz&#39;s</strong></span> <span class='ocrx_word' id='word_1_96' title='bbox 1382 1053 1486 1089; x_wconf 81' lang='lat' dir='ltr'><strong>enim</strong></span> 
     </span>
     <span class='ocr_line' id='line_1_13' title="bbox 296 1125 1485 1177; baseline 0 -15"><span class='ocrx_word' id='word_1_97' title='bbox 296 1125 478 1177; x_wconf 89' lang='lat' dir='ltr'><strong>scriptum</strong></span> <span class='ocrx_word' id='word_1_98' title='bbox 520 1137 597 1162; x_wconf 88' lang='lat' dir='ltr'><strong>esse</strong></span> <span class='ocrx_word' id='word_1_99' title='bbox 636 1125 811 1170; x_wconf 49' lang='lat' dir='ltr'><strong>Briau,</strong></span> <span class='ocrx_word' id='word_1_100' title='bbox 853 1125 956 1175; x_wconf 85' lang='lat' dir='ltr'><strong>quod</strong></span> <span class='ocrx_word' id='word_1_101' title='bbox 997 1127 1110 1163; x_wconf 86' lang='lat' dir='ltr'><strong>etiam</strong></span> <span class='ocrx_word' id='word_1_102' title='bbox 1139 1127 1179 1164; x_wconf 91' lang='lat' dir='ltr'><strong>in</strong></span> <span class='ocrx_word' id='word_1_103' title='bbox 1208 1126 1337 1163; x_wconf 86' lang='lat' dir='ltr'><strong>codice</strong></span> <span class='ocrx_word' id='word_1_104' title='bbox 1377 1125 1485 1163; x_wconf 89' lang='lat' dir='ltr'><strong>Leid.</strong></span> 
     </span>
     <span class='ocr_line' id='line_1_14' title="bbox 296 1197 1486 1249; baseline 0.002 -14"><span class='ocrx_word' id='word_1_105' title='bbox 296 1205 414 1236; x_wconf 85' lang='lat' dir='ltr'><strong>exstat</strong></span> <span class='ocrx_word' id='word_1_106' title='bbox 446 1198 498 1248; x_wconf 80' lang='grc'><strong>3);</strong></span> <span class='ocrx_word' id='word_1_107' title='bbox 533 1211 619 1235; x_wconf 90' lang='lat' dir='ltr'><strong>cum</strong></span> <span class='ocrx_word' id='word_1_108' title='bbox 650 1211 726 1249; x_wconf 90' lang='lat' dir='ltr'><strong>quo</strong></span> <span class='ocrx_word' id='word_1_109' title='bbox 754 1197 882 1236; x_wconf 84' lang='lat' dir='ltr'><strong>codice</strong></span> <span class='ocrx_word' id='word_1_110' title='bbox 907 1200 1020 1236; x_wconf 84' lang='lat' dir='ltr'><strong>etiarn</strong></span> <span class='ocrx_word' id='word_1_111' title='bbox 1038 1198 1112 1237; x_wconf 88' lang='lat' dir='ltr'><strong>hoe</strong></span> <span class='ocrx_word' id='word_1_112' title='bbox 1137 1199 1304 1237; x_wconf 82' lang='lat' dir='ltr'><strong>scholion</strong></span> <span class='ocrx_word' id='word_1_113' title='bbox 1323 1200 1362 1237; x_wconf 88' lang='lat' dir='ltr'><strong>in</strong></span> <span class='ocrx_word' id='word_1_114' title='bbox 1382 1198 1486 1238; x_wconf 87' lang='lat' dir='ltr'><strong>Voss.</strong></span> 
     </span>
     <span class='ocr_line' id='line_1_15' title="bbox 299 1272 1488 1326; baseline 0 -16"><span class='ocrx_word' id='word_1_115' title='bbox 299 1275 318 1310; x_wconf 89' lang='lat'>1</span> <span class='ocrx_word' id='word_1_116' title='bbox 350 1273 527 1310; x_wconf 79' lang='lat' dir='ltr'><strong>lectiones</strong></span> <span class='ocrx_word' id='word_1_117' title='bbox 572 1274 656 1309; x_wconf 74' lang='lat' dir='ltr'><strong>sive</strong></span> <span class='ocrx_word' id='word_1_118' title='bbox 683 1286 752 1324; x_wconf 91' lang='lat' dir='ltr'><strong>pro</strong></span> <span class='ocrx_word' id='word_1_119' title='bbox 781 1272 845 1309; x_wconf 80' lang='lat' dir='ltr'><strong>vel</strong></span> <span class='ocrx_word' id='word_1_120' title='bbox 871 1279 909 1309; x_wconf 87' lang='lat' dir='ltr'><strong>et</strong></span> <span class='ocrx_word' id='word_1_121' title='bbox 945 1272 1159 1309; x_wconf 81' lang='lat' dir='ltr'><strong>brisez&#39;dem</strong></span> <span class='ocrx_word' id='word_1_122' title='bbox 1196 1288 1264 1326; x_wconf 92' lang='lat' dir='ltr'><strong>pro</strong></span> <span class='ocrx_word' id='word_1_123' title='bbox 1306 1273 1488 1310; x_wconf 80' lang='lat' dir='ltr'><strong>briseida</strong></span> 
     </span>
     <span class='ocr_line' id='line_1_16' title="bbox 296 1344 1485 1386; baseline 0.001 -3"><span class='ocrx_word' id='word_1_124' title='bbox 296 1358 515 1384; x_wconf 87' lang='lat' dir='ltr'><strong>communes</strong></span> <span class='ocrx_word' id='word_1_125' title='bbox 542 1344 671 1383; x_wconf 86' lang='lat' dir='ltr'><strong>habet.</strong></span> <span class='ocrx_word' id='word_1_126' title='bbox 705 1344 802 1383; x_wconf 88' lang='lat' dir='ltr'><strong>Cum</strong></span> <span class='ocrx_word' id='word_1_127' title='bbox 830 1345 931 1383; x_wconf 85' lang='lat' dir='ltr'><strong>edito</strong></span> <span class='ocrx_word' id='word_1_128' title='bbox 960 1353 1087 1384; x_wconf 86' lang='lat' dir='ltr'><strong>tamen</strong></span> <span class='ocrx_word' id='word_1_129' title='bbox 1116 1347 1156 1384; x_wconf 91' lang='lat' dir='ltr'><strong>in</strong></span> <span class='ocrx_word' id='word_1_130' title='bbox 1185 1347 1261 1384; x_wconf 89' lang='lat' dir='ltr'><strong>fine</strong></span> <span class='ocrx_word' id='word_1_131' title='bbox 1285 1347 1401 1386; x_wconf 84' lang='lat' dir='ltr'><strong>habet</strong></span> <span class='ocrx_word' id='word_1_132' title='bbox 1419 1347 1485 1384; x_wconf 83' lang='lat' dir='ltr'><strong>dz&#39;-</strong></span> 
     </span>
     <span class='ocr_line' id='line_1_17' title="bbox 298 1419 1488 1473; baseline 0 -15"><span class='ocrx_word' id='word_1_133' title='bbox 298 1422 425 1458; x_wconf 78' lang='lat' dir='ltr'><strong>cimus</strong></span> <span class='ocrx_word' id='word_1_134' title='bbox 456 1421 549 1471; x_wconf 91' lang='lat' dir='ltr'><strong>(non</strong></span> <span class='ocrx_word' id='word_1_135' title='bbox 576 1419 749 1466; x_wconf 71' lang='lat' dir='ltr'><strong>dicitur,</strong></span> <span class='ocrx_word' id='word_1_136' title='bbox 779 1427 822 1458; x_wconf 89' lang='lat' dir='ltr'><strong>ut</strong></span> <span class='ocrx_word' id='word_1_137' title='bbox 851 1419 978 1471; x_wconf 75' lang='lat' dir='ltr'><strong>Leid.)</strong></span> <span class='ocrx_word' id='word_1_138' title='bbox 997 1451 1007 1467; x_wconf 94' lang='lat'><em>,</em></span> <span class='ocrx_word' id='word_1_139' title='bbox 1039 1420 1102 1459; x_wconf 86' lang='lat' dir='ltr'><strong>sed</strong></span> <span class='ocrx_word' id='word_1_140' title='bbox 1127 1435 1197 1473; x_wconf 88' lang='lat' dir='ltr'><strong>pro</strong></span> <span class='ocrx_word' id='word_1_141' title='bbox 1226 1421 1385 1459; x_wconf 85' lang='lat' dir='ltr'><strong>aliorum</strong></span> <span class='ocrx_word' id='word_1_142' title='bbox 1415 1434 1488 1458; x_wconf 76' lang='lat' dir='ltr'><strong>ex-</strong></span> 
     </span>
     <span class='ocr_line' id='line_1_18' title="bbox 288 1493 1486 1547; baseline 0 -15"><span class='ocrx_word' id='word_1_143' title='bbox 288 1496 473 1547; x_wconf 77' lang='lat' dir='ltr'><strong>primere</strong></span> <span class='ocrx_word' id='word_1_144' title='bbox 501 1494 541 1531; x_wconf 93' lang='lat' dir='ltr'><strong>in</strong></span> <span class='ocrx_word' id='word_1_145' title='bbox 570 1506 613 1531; x_wconf 94' lang='lat' dir='ltr'><strong>eo</strong></span> <span class='ocrx_word' id='word_1_146' title='bbox 630 1494 837 1546; x_wconf 76' lang='lat' dir='ltr'><strong>frangere</strong></span> <span class='ocrx_word' id='word_1_147' title='bbox 864 1494 1016 1540; x_wconf 88' lang='lat' dir='ltr'><strong>inveni,</strong></span> <span class='ocrx_word' id='word_1_148' title='bbox 1055 1500 1098 1531; x_wconf 91' lang='lat' dir='ltr'><strong>ut</strong></span> <span class='ocrx_word' id='word_1_149' title='bbox 1125 1494 1239 1532; x_wconf 86' lang='lat' dir='ltr'><strong>etiam</strong></span> <span class='ocrx_word' id='word_1_150' title='bbox 1269 1493 1423 1532; x_wconf 84' lang='lat' dir='ltr'><strong>Iahnius</strong></span> <span class='ocrx_word' id='word_1_151' title='bbox 1451 1495 1486 1544; x_wconf 82' lang='lat'><strong>4)</strong></span> 
     </span>
     <span class='ocr_line' id='line_1_19' title="bbox 297 1567 836 1607; baseline 0.004 -2"><span class='ocrx_word' id='word_1_152' title='bbox 297 1580 341 1605; x_wconf 85' lang='lat' dir='ltr'><strong>ex</strong></span> <span class='ocrx_word' id='word_1_153' title='bbox 367 1567 451 1606; x_wconf 89' lang='lat' dir='ltr'><strong>cod.</strong></span> <span class='ocrx_word' id='word_1_154' title='bbox 483 1567 597 1606; x_wconf 87' lang='lat' dir='ltr'><strong>Paris.</strong></span> <span class='ocrx_word' id='word_1_155' title='bbox 629 1568 836 1607; x_wconf 80' lang='lat' dir='ltr'><strong>annotavit.</strong></span> 
     </span>
    </p>

    <p class='ocr_par' dir='ltr' id='par_1_6' title="bbox 298 1640 1491 1990">
     <span class='ocr_line' id='line_1_20' title="bbox 353 1640 1489 1692; baseline 0.003 -13"><span class='ocrx_word' id='word_1_156' title='bbox 353 1642 457 1691; x_wconf 81' lang='lat' dir='ltr'><strong>Quae</strong></span> <span class='ocrx_word' id='word_1_157' title='bbox 499 1641 598 1679; x_wconf 87' lang='lat' dir='ltr'><strong>idem</strong></span> <span class='ocrx_word' id='word_1_158' title='bbox 641 1640 794 1679; x_wconf 87' lang='lat' dir='ltr'><strong>Iahnius</strong></span> <span class='ocrx_word' id='word_1_159' title='bbox 837 1642 872 1692; x_wconf 89' lang='lat'><strong>5)</strong></span> <span class='ocrx_word' id='word_1_160' title='bbox 918 1642 1025 1680; x_wconf 83' lang='lat' dir='ltr'><strong>affert</strong></span> <span class='ocrx_word' id='word_1_161' title='bbox 1065 1656 1086 1681; x_wconf 87' lang='lat' dir='ltr'><strong>e</strong></span> <span class='ocrx_word' id='word_1_162' title='bbox 1122 1643 1254 1682; x_wconf 85' lang='lat' dir='ltr'><strong>codice</strong></span> <span class='ocrx_word' id='word_1_163' title='bbox 1296 1644 1489 1682; x_wconf 88' lang='lat' dir='ltr'><strong>Darmsta-</strong></span> 
     </span>
     <span class='ocr_line' id='line_1_21' title="bbox 298 1714 1491 1768; baseline 0.001 -14"><span class='ocrx_word' id='word_1_164' title='bbox 298 1715 419 1755; x_wconf 89' lang='lat' dir='ltr'><strong>diensi</strong></span> <span class='ocrx_word' id='word_1_165' title='bbox 447 1715 493 1753; x_wconf 87' lang='lat' dir='ltr'><strong>ad</strong></span> <span class='ocrx_word' id='word_1_166' title='bbox 522 1714 622 1754; x_wconf 88' lang='lat' dir='ltr'><strong>Prol.</strong></span> <span class='ocrx_word' id='word_1_167' title='bbox 653 1728 706 1754; x_wconf 73' lang='lat' dir='ltr'><strong>VS.</strong></span> <span class='ocrx_word' id='word_1_168' title='bbox 738 1717 761 1752; x_wconf 88' lang='lat'>8</span> <span class='ocrx_word' id='word_1_169' title='bbox 791 1714 836 1753; x_wconf 89' lang='lat' dir='ltr'><strong>de</strong></span> <span class='ocrx_word' id='word_1_170' title='bbox 856 1717 1066 1768; x_wconf 77' lang='lat' dir='ltr'><strong>psittaco,</strong></span> <span class='ocrx_word' id='word_1_171' title='bbox 1107 1717 1220 1755; x_wconf 83' lang='lat' dir='ltr'><strong>etiam</strong></span> <span class='ocrx_word' id='word_1_172' title='bbox 1239 1718 1277 1755; x_wconf 90' lang='lat' dir='ltr'><strong>in</strong></span> <span class='ocrx_word' id='word_1_173' title='bbox 1296 1717 1369 1755; x_wconf 92' lang='lat' dir='ltr'><strong>hoc</strong></span> <span class='ocrx_word' id='word_1_174' title='bbox 1388 1717 1491 1755; x_wconf 91' lang='lat' dir='ltr'><strong>codi-</strong></span> 
     </span>
     <span class='ocr_line' id='line_1_22' title="bbox 299 1789 1490 1843; baseline -0.001 -14"><span class='ocrx_word' id='word_1_175' title='bbox 299 1804 364 1838; x_wconf 88' lang='lat' dir='ltr'><strong>ce,</strong></span> <span class='ocrx_word' id='word_1_176' title='bbox 395 1791 458 1829; x_wconf 86' lang='lat' dir='ltr'><strong>sed</strong></span> <span class='ocrx_word' id='word_1_177' title='bbox 487 1791 655 1843; x_wconf 87' lang='lat' dir='ltr'><strong>pleniora</strong></span> <span class='ocrx_word' id='word_1_178' title='bbox 682 1798 720 1828; x_wconf 90' lang='lat' dir='ltr'><strong>et</strong></span> <span class='ocrx_word' id='word_1_179' title='bbox 747 1803 835 1827; x_wconf 89' lang='lat' dir='ltr'><strong>cum</strong></span> <span class='ocrx_word' id='word_1_180' title='bbox 869 1789 1084 1829; x_wconf 86' lang='lat' dir='ltr'><strong>Commenti</strong></span> <span class='ocrx_word' id='word_1_181' title='bbox 1126 1791 1247 1830; x_wconf 80' lang='lat' dir='ltr'><strong>verbis</strong></span> <span class='ocrx_word' id='word_1_182' title='bbox 1289 1792 1490 1829; x_wconf 84' lang='lat' dir='ltr'><strong>coniuncta</strong></span> 
     </span>
     <span class='ocr_line' id='line_1_23' title="bbox 298 1864 1489 1916; baseline -0.002 -12"><span class='ocrx_word' id='word_1_183' title='bbox 298 1873 456 1904; x_wconf 80' lang='lat' dir='ltr'><strong>exstant.</strong></span> <span class='ocrx_word' id='word_1_184' title='bbox 527 1865 634 1903; x_wconf 82' lang='lat' dir='ltr'><strong>Alter</strong></span> <span class='ocrx_word' id='word_1_185' title='bbox 674 1877 761 1902; x_wconf 80' lang='lat' dir='ltr'><strong>vero</strong></span> <span class='ocrx_word' id='word_1_186' title='bbox 805 1864 1004 1902; x_wconf 81' lang='lat' dir='ltr'><strong>Vossianus</strong></span> <span class='ocrx_word' id='word_1_187' title='bbox 1051 1865 1102 1915; x_wconf 85' lang='lat' dir='ltr'><strong>(V</strong></span> <span class='ocrx_word' id='word_1_188' title='bbox 1132 1866 1188 1914; x_wconf 92' lang='lat'><strong>2.)</strong></span> <span class='ocrx_word' id='word_1_189' title='bbox 1240 1865 1356 1916; x_wconf 82' lang='lat' dir='ltr'><strong>magis</strong></span> <span class='ocrx_word' id='word_1_190' title='bbox 1401 1878 1489 1903; x_wconf 86' lang='lat' dir='ltr'><strong>cum</strong></span> 
     </span>
     <span class='ocr_line' id='line_1_24' title="bbox 300 1937 1377 1990; baseline -0.001 -13"><span class='ocrx_word' id='word_1_191' title='bbox 300 1938 511 1978; x_wconf 81' lang='lat' dir='ltr'><strong>Darmstad.</strong></span> <span class='ocrx_word' id='word_1_192' title='bbox 543 1940 729 1977; x_wconf 85' lang='lat' dir='ltr'><strong>convenit.</strong></span> <span class='ocrx_word' id='word_1_193' title='bbox 788 1939 832 1976; x_wconf 93' lang='lat' dir='ltr'><strong>In</strong></span> <span class='ocrx_word' id='word_1_194' title='bbox 861 1938 968 1977; x_wconf 87' lang='lat' dir='ltr'><strong>Voss.</strong></span> <span class='ocrx_word' id='word_1_195' title='bbox 1005 1940 1021 1975; x_wconf 93' lang='lat'>1</span> <span class='ocrx_word' id='word_1_196' title='bbox 1054 1937 1148 1976; x_wconf 83' lang='lat' dir='ltr'><strong>haec</strong></span> <span class='ocrx_word' id='word_1_197' title='bbox 1176 1938 1377 1990; x_wconf 81' lang='lat' dir='ltr'><strong>leguntur:</strong></span> 
     </span>
    </p>
   </div>
   <div class='ocr_carea' id='block_1_5' title="bbox 341 2011 1489 2056">
    <p class='ocr_par' dir='ltr' id='par_1_7' title="bbox 341 2011 1489 2056">
     <span class='ocr_line' id='line_1_25' title="bbox 341 2011 1489 2056; baseline 0.001 -12"><span class='ocrx_word' id='word_1_198' title='bbox 341 2013 474 2044; x_wconf 83' lang='lat' dir='ltr'><strong>Psitacus</strong></span> <span class='ocrx_word' id='word_1_199' title='bbox 492 2012 554 2045; x_wconf 87' lang='lat' dir='ltr'><strong>avis</strong></span> <span class='ocrx_word' id='word_1_200' title='bbox 572 2012 761 2044; x_wconf 89' lang='lat' dir='ltr'><strong>solummodo</strong></span> <span class='ocrx_word' id='word_1_201' title='bbox 780 2013 814 2044; x_wconf 91' lang='lat' dir='ltr'><strong>in</strong></span> <span class='ocrx_word' id='word_1_202' title='bbox 833 2011 933 2044; x_wconf 85' lang='lat' dir='ltr'><strong>indiae</strong></span> <span class='ocrx_word' id='word_1_203' title='bbox 949 2011 1088 2055; x_wconf 85' lang='lat' dir='ltr'><strong>partibus</strong></span> <span class='ocrx_word' id='word_1_204' title='bbox 1104 2012 1243 2056; x_wconf 77' lang='lat' dir='ltr'><strong>gignitur</strong></span> <span class='ocrx_word' id='word_1_205' title='bbox 1262 2013 1360 2045; x_wconf 87' lang='lat' dir='ltr'><strong>colore</strong></span> <span class='ocrx_word' id='word_1_206' title='bbox 1379 2013 1489 2054; x_wconf 79' lang='lat' dir='ltr'><strong>viridi,</strong></span> 
     </span>
    </p>
   </div>
   <div class='ocr_carea' id='block_1_6' title="bbox 341 2077 1491 2122">
    <p class='ocr_par' dir='ltr' id='par_1_8' title="bbox 341 2077 1491 2122">
     <span class='ocr_line' id='line_1_26' title="bbox 341 2077 1491 2122; baseline 0.001 -13"><span class='ocrx_word' id='word_1_207' title='bbox 341 2083 451 2122; x_wconf 81' lang='lat' dir='ltr'><strong>torque</strong></span> <span class='ocrx_word' id='word_1_208' title='bbox 481 2078 630 2121; x_wconf 87' lang='lat' dir='ltr'><strong>puniceo,</strong></span> <span class='ocrx_word' id='word_1_209' title='bbox 661 2078 769 2122; x_wconf 80' lang='lat' dir='ltr'><strong>grandi</strong></span> <span class='ocrx_word' id='word_1_210' title='bbox 798 2078 907 2122; x_wconf 79' lang='lat' dir='ltr'><strong>lingua</strong></span> <span class='ocrx_word' id='word_1_211' title='bbox 928 2084 961 2109; x_wconf 84' lang='lat' dir='ltr'><strong>et</strong></span> <span class='ocrx_word' id='word_1_212' title='bbox 983 2078 1090 2110; x_wconf 85' lang='lat' dir='ltr'><strong>ceteris</strong></span> <span class='ocrx_word' id='word_1_213' title='bbox 1112 2077 1219 2110; x_wconf 78' lang='lat' dir='ltr'><strong>avibus</strong></span> <span class='ocrx_word' id='word_1_214' title='bbox 1249 2078 1361 2110; x_wconf 81' lang='lat' dir='ltr'><strong>latiori.</strong></span> <span class='ocrx_word' id='word_1_215' title='bbox 1407 2078 1491 2111; x_wconf 84' lang='lat' dir='ltr'><strong>Unde</strong></span> 
     </span>
    </p>
   </div>
   <div class='ocr_carea' id='block_1_7' title="bbox 342 2141 1491 2187">
    <p class='ocr_par' dir='ltr' id='par_1_9' title="bbox 342 2141 1491 2187">
     <span class='ocr_line' id='line_1_27' title="bbox 342 2141 1491 2187; baseline 0.002 -14"><span class='ocrx_word' id='word_1_216' title='bbox 342 2141 504 2174; x_wconf 83' lang='lat' dir='ltr'><strong>articulata</strong></span> <span class='ocrx_word' id='word_1_217' title='bbox 527 2142 617 2175; x_wconf 87' lang='lat' dir='ltr'><strong>verba</strong></span> <span class='ocrx_word' id='word_1_218' title='bbox 638 2142 784 2186; x_wconf 84' lang='lat' dir='ltr'><strong>exprimit</strong></span> <span class='ocrx_word' id='word_1_219' title='bbox 797 2167 807 2184; x_wconf 87' lang='lat'><strong>‚</strong></span> <span class='ocrx_word' id='word_1_220' title='bbox 830 2143 874 2175; x_wconf 86' lang='lat' dir='ltr'><strong>ita</strong></span> <span class='ocrx_word' id='word_1_221' title='bbox 896 2149 933 2175; x_wconf 86' lang='lat' dir='ltr'><strong>ut</strong></span> <span class='ocrx_word' id='word_1_222' title='bbox 955 2143 981 2175; x_wconf 89' lang='lat' dir='ltr'><strong>si</strong></span> <span class='ocrx_word' id='word_1_223' title='bbox 1003 2154 1071 2175; x_wconf 86' lang='lat' dir='ltr'><strong>eam</strong></span> <span class='ocrx_word' id='word_1_224' title='bbox 1098 2155 1161 2175; x_wconf 89' lang='lat' dir='ltr'><strong>non</strong></span> <span class='ocrx_word' id='word_1_225' title='bbox 1184 2143 1367 2187; x_wconf 84' lang='lat' dir='ltr'><strong>prospexeris</strong></span> <span class='ocrx_word' id='word_1_226' title='bbox 1393 2142 1491 2175; x_wconf 89' lang='lat' dir='ltr'><strong>homi-</strong></span> 
     </span>
    </p>
   </div>
   <div class='ocr_carea' id='block_1_8' title="bbox 299 2231 545 2239">
    <p class='ocr_par' dir='ltr' id='par_1_10' title="bbox 299 2231 545 2239">
     <span class='ocr_line' id='line_1_28' title="bbox 299 2231 545 2239; baseline 0 874"><span class='ocrx_word' id='word_1_227' title='bbox 299 2231 545 2239; x_wconf 95' lang='lat' dir='ltr'><strong> </strong></span> 
     </span>
    </p>
   </div>
   <div class='ocr_carea' id='block_1_9' title="bbox 298 2269 1489 2587">
    <p class='ocr_par' dir='ltr' id='par_1_11' title="bbox 298 2269 1489 2371">
     <span class='ocr_line' id='line_1_29' title="bbox 345 2269 1489 2316; baseline -0.001 -14"><span class='ocrx_word' id='word_1_228' title='bbox 345 2271 373 2312; x_wconf 86' lang='lat'><strong>¹)</strong></span> <span class='ocrx_word' id='word_1_229' title='bbox 418 2274 465 2303; x_wconf 84' lang='lat' dir='ltr'><strong>Ita</strong></span> <span class='ocrx_word' id='word_1_230' title='bbox 498 2273 611 2304; x_wconf 82' lang='lat' dir='ltr'><strong>correxi</strong></span> <span class='ocrx_word' id='word_1_231' title='bbox 634 2284 669 2304; x_wconf 83' lang='lat' dir='ltr'><strong>ex</strong></span> <span class='ocrx_word' id='word_1_232' title='bbox 690 2273 854 2316; x_wconf 83' lang='lat' dir='ltr'><strong>Fulgentio</strong></span> <span class='ocrx_word' id='word_1_233' title='bbox 875 2273 910 2304; x_wconf 89' lang='lat' dir='ltr'><strong>in</strong></span> <span class='ocrx_word' id='word_1_234' title='bbox 932 2272 1066 2315; x_wconf 86' lang='lat' dir='ltr'><strong>Exposit.</strong></span> <span class='ocrx_word' id='word_1_235' title='bbox 1111 2274 1241 2305; x_wconf 86' lang='lat' dir='ltr'><strong>Sermm.</strong></span> <span class='ocrx_word' id='word_1_236' title='bbox 1276 2272 1393 2315; x_wconf 79' lang='lat' dir='ltr'><strong>antiqq.</strong></span> <span class='ocrx_word' id='word_1_237' title='bbox 1417 2269 1489 2303; x_wconf 81' lang='lat' dir='ltr'><strong>edit.</strong></span> 
     </span>
     <span class='ocr_line' id='line_1_30' title="bbox 298 2324 1079 2371; baseline 0.001 -15"><span class='ocrx_word' id='word_1_238' title='bbox 298 2324 419 2357; x_wconf 82' lang='lat' dir='ltr'><strong>Munck.</strong></span> <span class='ocrx_word' id='word_1_239' title='bbox 442 2337 509 2369; x_wconf 79' lang='lat' dir='ltr'><strong>pag.</strong></span> <span class='ocrx_word' id='word_1_240' title='bbox 534 2329 621 2367; x_wconf 87' lang='lat'>180,</span> <span class='ocrx_word' id='word_1_241' title='bbox 644 2327 678 2359; x_wconf 88' lang='lat' dir='ltr'><strong>in</strong></span> <span class='ocrx_word' id='word_1_242' title='bbox 700 2329 734 2358; x_wconf 90' lang='lat' dir='ltr'><strong>T.</strong></span> <span class='ocrx_word' id='word_1_243' title='bbox 761 2329 798 2359; x_wconf 86' lang='grc' dir='ltr'><strong>[Ι.</strong></span> <span class='ocrx_word' id='word_1_244' title='bbox 821 2326 974 2371; x_wconf 75' lang='lat' dir='ltr'><strong>Mythogg.</strong></span> <span class='ocrx_word' id='word_1_245' title='bbox 997 2328 1079 2358; x_wconf 82' lang='lat' dir='ltr'><strong>Latt.</strong></span> 
     </span>
    </p>

    <p class='ocr_par' dir='ltr' id='par_1_12' title="bbox 343 2379 494 2411">
     <span class='ocr_line' id='line_1_31' title="bbox 343 2379 494 2411; baseline -0.007 0"><span class='ocrx_word' id='word_1_246' title='bbox 343 2380 356 2400; x_wconf 80' lang='lat'>²</span> <span class='ocrx_word' id='word_1_247' title='bbox 417 2382 449 2411; x_wconf 93' lang='lat' dir='ltr'><strong>L.</strong></span> <span class='ocrx_word' id='word_1_248' title='bbox 472 2379 494 2410; x_wconf 94' lang='lat' dir='ltr'><strong>l.</strong></span> 
     </span>
    </p>

    <p class='ocr_par' dir='ltr' id='par_1_13' title="bbox 345 2382 961 2477">
     <span class='ocr_line' id='line_1_32' title="bbox 345 2382 961 2477; baseline 0 -12"><span class='ocrx_word' id='word_1_249' title='bbox 345 2382 374 2477; x_wconf 59' lang='lat'><strong>³}</strong></span> <span class='ocrx_word' id='word_1_250' title='bbox 418 2432 460 2465; x_wconf 90' lang='lat' dir='ltr'><strong>Cf.</strong></span> <span class='ocrx_word' id='word_1_251' title='bbox 483 2435 585 2465; x_wconf 86' lang='lat' dir='ltr'><strong>Herm.</strong></span> <span class='ocrx_word' id='word_1_252' title='bbox 612 2436 707 2466; x_wconf 82' lang='lat' dir='ltr'><strong>Lectt.</strong></span> <span class='ocrx_word' id='word_1_253' title='bbox 730 2435 823 2466; x_wconf 89' lang='lat' dir='ltr'><strong>Perss.</strong></span> <span class='ocrx_word' id='word_1_254' title='bbox 847 2436 862 2466; x_wconf 96' lang='lat' dir='ltr'>I</span> <span class='ocrx_word' id='word_1_255' title='bbox 877 2459 886 2475; x_wconf 91' lang='lat'>‚</span> <span class='ocrx_word' id='word_1_256' title='bbox 909 2436 961 2468; x_wconf 81' lang='lat'><strong>20.</strong></span> 
     </span>
    </p>

    <p class='ocr_par' dir='ltr' id='par_1_14' title="bbox 344 2488 774 2535">
     <span class='ocr_line' id='line_1_33' title="bbox 344 2488 774 2535; baseline 0.005 -15"><span class='ocrx_word' id='word_1_257' title='bbox 344 2488 374 2532; x_wconf 69' lang='grc' dir='ltr'><strong>Δ)</strong></span> <span class='ocrx_word' id='word_1_258' title='bbox 417 2491 487 2534; x_wconf 80' lang='lat' dir='ltr'><strong>Pag.</strong></span> <span class='ocrx_word' id='word_1_259' title='bbox 511 2492 575 2523; x_wconf 84' lang='lat'><strong>265</strong></span> <span class='ocrx_word' id='word_1_260' title='bbox 589 2515 599 2532; x_wconf 87' lang='lat'><strong>‚</strong></span> <span class='ocrx_word' id='word_1_261' title='bbox 622 2502 665 2535; x_wconf 85' lang='lat' dir='ltr'><strong>sq.</strong></span> <span class='ocrx_word' id='word_1_262' title='bbox 689 2503 720 2523; x_wconf 90' lang='lat' dir='ltr'><strong>n.</strong></span> <span class='ocrx_word' id='word_1_263' title='bbox 744 2493 774 2524; x_wconf 84' lang='lat'><strong>6.</strong></span> 
     </span>
    </p>

    <p class='ocr_par' dir='ltr' id='par_1_15' title="bbox 347 2544 705 2587">
     <span class='ocr_line' id='line_1_34' title="bbox 347 2544 705 2587; baseline 0.003 -12"><span class='ocrx_word' id='word_1_264' title='bbox 347 2544 374 2584; x_wconf 77' lang='lat'><strong>⁵)</strong></span> <span class='ocrx_word' id='word_1_265' title='bbox 417 2546 487 2587; x_wconf 79' lang='lat' dir='ltr'><strong>Pag.</strong></span> <span class='ocrx_word' id='word_1_266' title='bbox 510 2547 597 2585; x_wconf 80' lang='lat'><strong>246,</strong></span> <span class='ocrx_word' id='word_1_267' title='bbox 619 2557 651 2577; x_wconf 91' lang='lat' dir='ltr'><strong>n.</strong></span> <span class='ocrx_word' id='word_1_268' title='bbox 676 2548 705 2577; x_wconf 88' lang='lat'><strong>3.</strong></span> 
     </span>
    </p>
   </div>
  </div>
 </body>
</html>
