1857 3113
866 229 913 266 19

335 336 394 375 IV,
418 337 469 368 49.
493 336 599 368 Puteal
618 335 702 366 locus
725 340 790 366 erat
822 334 903 378 apud
924 340 1066 367 senatum
1095 335 1145 367 vel
1165 340 1236 366 ante
1270 334 1428 366 theatrum
1451 337 1484 366 in

334 410 428 442 quem
449 399 568 431 debitae
589 409 635 430 res
657 397 733 430 solvi
754 398 930 431 verberibus
959 398 1152 443 cogebantur.

335 465 380 504 V,
404 467 478 495 180.
501 463 625 494 Herodis
646 462 709 494 dies
731 462 780 494 vel
802 462 911 505 aptiles
928 463 1067 503 (apriles
1075 464 1107 504 P)
1131 462 1206 494 dicit
1217 463 1361 495 kalendas
1381 463 1485 494 veneri

335 539 481 573 sacratas,
504 532 553 564 vel
575 531 613 563 ab
635 543 669 564 eo
692 532 773 576 quod
795 530 934 564 lucheros
955 527 1172 579 (λυκέρωςῗ)
1198 534 1220 564 i.
1236 544 1261 564 e.
1282 533 1400 577 cupido.
1425 535 1484 565 He-

333 603 413 634 rodis
434 603 498 634 dies
520 602 694 646 cupidineos
716 602 815 643 dixit,
839 602 860 633 i.
883 613 909 634 e.
933 601 1071 643 festivos,
1094 602 1300 646 voluptuosos.

335 668 379 707 V⁷
403 669 479 699 184.
501 667 726 710 Recutitaque,
750 667 770 698 i.
794 678 819 698 e.
842 666 939 698 veteri
962 667 1103 708 (veretri
1111 668 1143 709 9)
1174 666 1255 710 pelle
1279 666 1381 697 recisa.
1405 666 1483 707 Quia

332 731 459 771 Judaei,
482 731 537 775 qui
554 730 676 762 sabbata
694 731 818 772 colunt,
838 736 1005 764 extremam
1023 732 1136 763 veretri
1156 736 1259 763 cutem
1278 741 1341 761 non
1360 728 1483 761 habent.

300 829 303 831 ,
332 796 376 835 V,
400 797 474 826 185.
498 797 660 836 Lemures,
683 795 811 827 larvales
833 794 978 836 umbrae,
1000 794 1145 827 alaribus
1168 795 1285 835 dictae,
1307 795 1329 826 i.
1341 805 1367 825 e.
1380 805 1484 826 manes

331 851 386 904 qffi
407 859 581 904 corporibus
600 860 656 892 illo
673 866 810 905 tempore
828 859 1031 901 tribuuntur,
1054 871 1114 904 quo
1133 859 1173 891 fit
1195 860 1295 904 prima
1316 860 1481 904 conceptio.

331 926 372 955 Et
401 931 562 968 postquam
584 931 753 957 nascuntur
774 925 869 956 isdem
892 924 1066 968 corporibus
1089 924 1279 956 delectantur
1300 931 1392 968 atque
1410 935 1482 956 cum

329 988 378 1020 his
399 995 556 1021 manentes
578 989 710 1022 lemures
732 988 938 1033 appellantur.
984 988 1063 1030 Qui,
1097 988 1124 1019 si
1146 989 1226 1020 vitae
1248 989 1357 1032 prioris
1379 988 1479 1020 adiuti

332 1053 451 1085 fuerint
484 1054 663 1095 honestate,
697 1055 731 1085 in
765 1053 828 1085 lare
859 1052 1019 1084 domorum
1042 1053 1090 1084 vel
1112 1053 1239 1085 urbium
1261 1060 1328 1097 post
1350 1060 1482 1085 mortem

330 1120 461 1163 corporis
483 1125 659 1151 vertuntur.
705 1118 738 1150 si
760 1124 866 1149 autem
888 1118 1092 1162 depravantur
1106 1129 1140 1149 ex
1158 1129 1282 1161 corpore
1298 1119 1397 1150 larvae
1413 1130 1479 1162 per-

330 1182 479 1218 hibentur
501 1196 535 1216 ac
556 1183 676 1215 lamiae.
721 1185 833 1214 Larvae
854 1188 960 1214 autem
981 1188 1057 1214 sunt
1074 1181 1151 1214 mali
1165 1182 1218 1214 dii.
1263 1183 1382 1215 Lamiae
1404 1183 1480 1215 mali

328 1246 479 1278 demones.

330 1312 391 1352 VI,
415 1314 467 1343 10.
490 1310 628 1343 nennius
661 1312 745 1343 enim
779 1316 866 1355 poeta
886 1311 1050 1343 somniavit
1067 1321 1097 1342 se
1119 1321 1180 1343 esse
1202 1311 1364 1343 homerum
1387 1317 1419 1343 et
1440 1312 1483 1344 sic

329 1375 420 1419 longo
442 1381 578 1419 tempore
599 1376 704 1408 tenuit
726 1388 756 1408 se
778 1375 869 1408 fuisse
891 1376 925 1407 in
947 1375 1029 1407 bello
1051 1376 1179 1408 troiano.

328 1441 370 1471 vl
384 1464 394 1480 ,
419 1442 470 1471 77.
494 1443 595 1472 Genus
618 1442 766 1473 tormenti
789 1453 849 1485 quo
861 1441 958 1472 sancti
979 1440 1195 1472 cruciabantur
1207 1441 1287 1484 apud
1310 1442 1478 1485 capadoces,

330 1516 366 1536 ex
388 1505 482 1549 virgis
504 1504 607 1537 ferreis
641 1512 820 1538 contextum
834 1530 843 1548 ,
878 1505 926 1537 vel
959 1516 1054 1549 genus
1087 1505 1155 1537 ludi
1168 1530 1178 1546 ,
1211 1517 1271 1549 quo
1297 1506 1351 1550 qui
1380 1507 1479 1539 iocan-

328 1576 382 1602 tur
404 1572 501 1614 magis
522 1564 652 1614 {centur
675 1557 781 1613 (12),-

336 1638 488 1675 Praeter
514 1636 731 1675 huiusmodi
758 1635 898 1675 scholia
914 1667 924 1683 ,
969 1651 1065 1689 quae
1093 1638 1274 1690 pleraque
1303 1640 1479 1678 seriorem

284 1719 445 1750 aetatem
475 1711 645 1750 redolent
665 1741 675 1757 ,
705 1711 819 1749 codex
849 1711 911 1749 hic
939 1712 1078 1750 multas
1098 1713 1211 1750 etiam
1233 1712 1349 1752 habet
1379 1714 1481 1766 glos-

284 1801 340 1826 sas
384 1787 663 1832 interlineares,
712 1786 750 1823 in
794 1786 932 1838 quibus
978 1787 1117 1840 passim
1157 1789 1364 1826 nonnullae
1393 1788 1475 1826 VV.

283 1861 360 1902 LL.
391 1870 555 1899 servatae
585 1869 698 1906 sunt,
741 1860 841 1898 unde
869 1860 981 1897 simul
1009 1868 1192 1912 apparet,
1221 1862 1358 1913 partim
1394 1874 1475 1899 ma—

283 1943 365 1974 ture
393 1936 468 1974 iam
501 1935 547 1973 de
576 1934 738 1987 genuina
776 1934 935 1972 lectione
969 1947 1046 1972 non
1080 1936 1306 1982 constitisse,
1335 1937 1474 1989 partim

282 2010 417 2057 etiam,
447 2010 636 2062 quomodo
674 2009 874 2049 deteriores
914 2009 1095 2047 lectiones
1132 2009 1172 2048 in
1210 2018 1353 2050 textum
1383 2010 1475 2049 irre-

281 2098 370 2137 pere
395 2085 601 2138 potuerint.
658 2084 885 2137 Praecipuae
912 2091 999 2122 sunt
1026 2083 1117 2122 hae:

337 2160 438 2199 Prol.
525 2162 563 2199 2.
586 2156 816 2213 prodierim
844 2181 898 2188 -—-
917 2172 1159 2212 apparerem
1179 2159 1244 2195 vel
1246 2158 1473 2211 prodirem.

525 2238 562 2276 5.
593 2237 754 2273 remitto
780 2256 834 2263 —
861 2233 1026 2272 concedo
1056 2233 1121 2271 vel
1146 2234 1342 2286 relinquo.

593 2309 773 2346 lambunt
798 2330 852 2337 —-
879 2293 956 2345 ves
967 2307 1163 2347 ambiunt.

521 2386 561 2421 9.
592 2384 734 2420 conari
758 2403 813 2411 —
838 2382 904 2419 vel
929 2394 1089 2421 sonare.

500 2460 561 2496 12.
592 2457 805 2509 refulserit
832 2457 1105 2509 —refidqeat.
