1857 3113
910 318 958 354 18

372 423 551 463 elementis,
575 429 612 454 ut
635 422 793 455 lucrecius.
836 423 979 466 Epicurei
1003 422 1181 454 verodicunt
1202 420 1263 452 duo
1285 420 1434 465 principia
1468 431 1530 452 esse

372 487 508 519 athomos
527 493 559 518 et
578 487 680 518 inane.
703 486 830 518 Athomi
852 498 921 518 vero
939 492 1012 519 sunt
1041 497 1164 530 corpora
1186 485 1289 518 brevia
1315 496 1393 529 quae
1410 484 1529 516 athomi

373 552 393 582 i.
416 563 441 583 e.
465 550 649 582 insecabiles.
696 553 790 583 Inane
824 562 895 583 vero
926 556 971 583 est
1001 550 1057 583 illa
1087 550 1224 582 vacuitas
1253 550 1288 581 in
1322 560 1382 593 qua
1410 546 1528 579 athomi

371 622 460 647 erant
491 617 670 658 (erranm).
702 618 750 648 An
774 617 900 658 (NonP)
933 627 1004 660 ergo
1033 615 1177 659 gignitur
1204 615 1241 646 de
1270 614 1370 646 nihilo
1391 612 1529 645 nihilum

372 682 444 726 quia
466 681 602 713 mundus
636 691 697 712 non
731 680 768 712 de
791 681 892 713 nihilo
915 687 982 722 est,
1012 680 1063 712 sed
1085 680 1121 712 de
1143 679 1275 712 athomis
1298 684 1397 722 potest
1418 677 1529 709 resolvi

371 747 405 778 in
439 746 600 787 nihilum,
632 746 683 778 sed
713 746 815 790 potius
839 747 873 778 in
896 746 997 787 idem,
1030 745 1111 778 unde
1141 746 1291 789 originem
1322 744 1441 775 habuit.
1486 745 1529 775 Ex

374 818 523 856 quattuor
546 812 631 844 enim
654 811 813 844 elementis
836 811 977 844 conditus
1000 817 1047 843 est
1069 811 1205 843 mundus
1227 811 1284 843 iste
1306 810 1412 842 maior.
1445 808 1531 841 Unde

374 878 590 909 microcosmus
611 877 784 921 appellatur
806 878 909 910 minor
930 878 1064 911 mundus
1086 878 1107 910 i.
1132 890 1157 910 e.
1178 877 1288 918 homo,
1311 876 1365 921 qui
1387 874 1531 908 similiter

375 954 410 974 ex
434 948 582 986 quattuor
604 943 765 975 elementis
787 949 914 976 constat.

372 1007 433 1045 IV,
457 1008 510 1037 21.
535 1007 644 1037 Baucis
676 1007 837 1049 proprium
860 1018 973 1039 nomen
1002 1012 1048 1038 est
1071 1006 1228 1046 aniculae,
1251 1006 1353 1038 uxoris
1376 1004 1530 1049 quondam

373 1068 567 1112 philemonis.
590 1070 734 1113 Juppiter
756 1071 840 1102 enim
862 1076 894 1101 et
917 1070 1088 1102 mercurius
1110 1069 1274 1101 hominum
1293 1069 1409 1113 figuras
1431 1070 1529 1110 versi,

373 1134 407 1165 in
427 1135 549 1177 regione
567 1133 694 1178 frigiae,
717 1146 788 1167 cum
810 1135 928 1167 animos
950 1135 1120 1178 incolarum
1142 1134 1278 1179 experti,
1301 1146 1319 1167 a
1341 1134 1429 1166 nullo
1451 1133 1530 1165 exci-

375 1204 520 1241 perentur
539 1198 691 1241 hospitio,
710 1211 727 1231 a
746 1199 922 1243 philemone
944 1199 1075 1243 quodam
1094 1210 1224 1242 paupere
1245 1205 1276 1230 et
1295 1199 1419 1231 baucide
1438 1209 1531 1230 uxore

375 1263 440 1294 eius
462 1262 696 1306 hospitalissime
718 1265 835 1308 excepti
858 1270 889 1296 et
911 1276 983 1296 cum
1004 1264 1139 1295 maxima
1161 1264 1320 1295 voluntate
1351 1263 1441 1295 rebus
1471 1262 1529 1294 hu-

375 1328 519 1360 millimis
541 1328 578 1360 ad
601 1329 721 1362 victum
743 1330 915 1363 necessariis
945 1330 1184 1374 simplicissimos
1213 1331 1330 1362 animos
1359 1339 1530 1372 pauperum

376 1394 492 1437 experti
515 1399 599 1425 sunt.

374 1460 454 1501 Ergo
471 1464 508 1489 ut
524 1449 602 1489 unffi
626 1458 780 1499 (numina
790 1460 821 1501 ?)
851 1459 931 1491 hanc
954 1460 1019 1492 vim
1041 1459 1232 1492 ostenderent
1255 1470 1361 1498 suam,
1385 1457 1531 1489 sevocatis

373 1522 497 1555 senibus
521 1523 554 1555 in
577 1522 769 1554 excelsiorem
793 1523 903 1556 collem
926 1535 1025 1557 casam
1048 1537 1154 1557 eorum
1178 1525 1212 1556 in
1235 1523 1354 1568 templo
1376 1527 1529 1554 converte-

372 1594 450 1620 runt
484 1600 593 1631 eosque
623 1590 777 1620 antistites
804 1591 914 1622 sacrati
948 1591 1006 1623 loci
1035 1591 1264 1635 praefecerunt,
1298 1590 1341 1621 ita
1371 1594 1426 1629 ut,
1458 1600 1529 1620 curn

373 1658 529 1685 senectute
559 1653 594 1683 in
623 1651 742 1683 arbores
772 1660 1042 1694 converterentur,
1074 1655 1235 1686 Philemon
1270 1655 1387 1686 cederet
1408 1654 1442 1684 in
1464 1652 1529 1684 fru-

373 1717 504 1756 cticem,
535 1716 639 1747 baucis
673 1716 707 1747 in
729 1717 849 1749 italiam
885 1719 1055 1760 (tt'lc'ttm?).
1102 1718 1259 1762 Oppidum
1292 1725 1398 1749 autem
1423 1728 1530 1748 eorum

372 1792 448 1825 quos
481 1787 595 1812 ceteros
625 1779 822 1824 inhospitales
846 1783 925 1813 cives
948 1782 1118 1822 habuerat,
1149 1794 1220 1813 cum
1249 1782 1455 1813 multitudine
1477 1780 1528 1812 ob-

373 1851 485 1877 rutum
508 1851 653 1889 stagnum
674 1845 791 1878 factum
822 1852 876 1879 est.
921 1847 1077 1880 Laudatur
1104 1848 1203 1891 igitur
1228 1847 1330 1879 baucis
1360 1846 1442 1890 quod
1471 1845 1530 1877 diis

371 1911 509 1943 libenter
531 1912 767 1942 ministraverit.

372 1979 436 2018 lv,
460 1980 512 2008 31.
536 1976 664 2020 Caephal
685 1977 748 2008 sive
775 1977 887 2021 caepha
909 1990 1013 2022 grece3
1037 1978 1134 2011 latine
1153 1985 1247 2024 caput
1276 1980 1401 2012 dicitur.
1446 1976 1530 2010 Unde

371 2047 403 2074 et
425 2041 588 2084 caephalus
611 2042 865 2083 (acephalum),
899 2044 964 2074 sine
986 2045 1093 2087 capite.
1141 2046 1218 2077 Hinc
1241 2052 1272 2077 et
1294 2057 1382 2088 caepe
1404 2056 1422 2076 a
1444 2044 1530 2087 prin-

372 2106 510 2149 cipaliori
544 2105 591 2136 sui
625 2111 710 2148 parte
741 2106 762 2136 i.
796 2117 821 2137 e.
854 2107 953 2149 capite
986 2107 1122 2149 dicitur,
1154 2121 1215 2152 quo
1249 2110 1341 2141 reciso
1372 2109 1529 2152 reliquum

372 2181 480 2213 corpus
502 2170 631 2201 flaccens
652 2175 684 2200 et
706 2170 821 2202 inutile
844 2170 993 2203 redditur.
1039 2173 1124 2204 Facit
1146 2173 1203 2204 hoc
1224 2185 1294 2216 cepe
1317 2183 1445 2203 numero
1467 2172 1527 2203 sin-

373 2234 476 2279 gulari
499 2234 733 2276 indeclinabile,
757 2236 872 2280 plurali
897 2249 1024 2270 numero
1046 2237 1103 2270 hae
1124 2250 1195 2282 cepe
1217 2237 1406 2269 declinabile.

371 2304 432 2343 lv,
457 2304 509 2333 41.
533 2301 613 2333 Filix
632 2301 725 2334 herba
744 2309 788 2335 est
808 2316 886 2348 quae
905 2304 1021 2336 multas
1041 2304 1153 2336 radices
1172 2304 1274 2336 mittit
1292 2309 1323 2335 et
1344 2303 1417 2334 licet
1428 2290 1529 2334 aratro

369 2366 527 2398 vellantur
560 2378 621 2398 non
658 2373 761 2399 tamen
785 2369 898 2401 radices
929 2368 1072 2401 funditus
1093 2370 1238 2410 extricat,
1273 2368 1344 2412 quia
1366 2373 1529 2411 postquam

369 2430 464 2461 semel
487 2431 668 2462 radicaverit
698 2432 828 2464 difficile
859 2433 1065 2478 abrumpitur.
1111 2437 1159 2466 Ita
1182 2440 1213 2466 et
1236 2433 1391 2477 ingenitae
1414 2432 1528 2463 radices

370 2493 508 2538 pilorum
530 2493 658 2526 difficile
680 2496 879 2538 evelluntur,
903 2499 958 2542 qui
980 2505 1192 2532 renascuntur.
1224 2498 1353 2530 Filicem
1375 2496 1459 2529 enim
1478 2496 1527 2528 vel

370 2556 450 2600 pilos
472 2556 572 2598 dicit,
595 2557 645 2589 vel
668 2559 765 2602 ipsam
788 2561 960 2595 libidinem.
