1857 3113
926 308 977 343 30

348 427 372 450 »
394 414 432 452 in
451 413 600 452 duobus
622 414 830 452 veterrimis
849 426 892 450 ac
909 413 1060 465 optimis
1090 412 1236 451 codd.''
1257 412 1402 451 invenit
1422 411 1543 450 Hein-

345 488 419 525 sius
437 503 446 534 ;
479 500 602 539 neque
631 487 732 524 ullus
751 486 902 525 exhibet
922 487 1122 525 lectionem
1132 488 1300 539 fissilis
1330 487 1379 537 (V
1399 516 1408 532 ,
1433 487 1541 538 148).

344 563 489 600 Deinde
532 563 736 600 lectionem
780 576 894 614 quam
935 563 1159 602 memoravit
1205 563 1416 601 Burmanus
1448 552 1542 617 ple-

342 639 474 675 etorz‘a
506 637 591 689 (IV,
615 637 699 689 25),
728 637 844 676 habet
872 644 1000 676 noster
1017 637 1224 683 Leidensis,
1244 637 1284 675 in
1312 651 1387 689 quo
1406 637 1543 676 lineola

342 721 469 751 tamen
498 727 518 750 a
549 726 622 751 sec.
655 727 772 751 manu
801 713 926 751 addita
953 722 1021 753 est.
1079 714 1255 765 Denique
1279 717 1429 766 gannit
1460 714 1512 765 (V
1530 744 1540 761 ,

344 787 412 838 96)
445 787 548 839 quod
589 786 883 841 Oudendorpius
922 789 962 826 in
991 797 1154 841 quatuor
1187 788 1380 827 codicibus
1419 803 1457 827 se
1488 790 1540 827 vi-

343 861 439 899 disse
469 862 576 907 dicit,
608 870 757 902 tantum
787 863 964 902 exhibent
994 865 1100 903 Voss.
1135 866 1151 902 1
1185 872 1222 903 et
1253 864 1370 903 Periz.
1403 865 1543 904 Mirum

344 942 470 972 tamen
499 937 595 973 foret
625 938 654 973 si
693 945 767 974 tres
810 938 983 983 codices,
1026 938 1163 989 quibus
1193 944 1340 974 tantum
1371 952 1458 975 usus
1486 946 1542 976 est

341 1008 529 1055 Heinsius,
558 1023 635 1047 non
655 1009 768 1047 iidem
797 1010 938 1048 fuerint
968 1023 1059 1061 quos
1079 1024 1123 1047 eo
1144 1017 1313 1061 tempore
1341 1011 1379 1047 in
1400 1010 1540 1048 biblio-

340 1083 447 1121 theca
477 1084 521 1121 L.
553 1085 597 1122 B.
634 1084 780 1122 affuisse
808 1092 955 1122 certum
984 1092 1062 1129 est,
1105 1098 1224 1135 quum
1261 1083 1307 1121 de
1336 1084 1415 1122 aliis
1444 1084 1539 1122 nihil

340 1165 513 1204 constet;
548 1158 693 1197 accedit
712 1188 722 1205 ,
753 1158 855 1212 quod
886 1158 1180 1211 Oudendorpius
1209 1165 1374 1209 quatuor
1392 1158 1538 1196 codices

338 1239 527 1269 memorat
547 1245 591 1270 eo
611 1240 797 1285 tempore,
814 1247 891 1284 quo
906 1233 1170 1271 Perizonianus
1190 1233 1264 1269 iam
1286 1233 1538 1273 bibliothecae

340 1306 533 1343 accessisse
561 1309 701 1358 potuit.
746 1308 872 1357 Quum
894 1313 1087 1358 praeterea
1119 1305 1188 1343 viri
1218 1305 1320 1344 docti
1348 1320 1424 1344 non
1453 1321 1537 1345 raro

339 1386 539 1432 tantopere
571 1381 755 1419 fallantur
784 1381 822 1418 in
853 1379 1028 1417 codicum
1057 1378 1284 1417 lectionibus
1312 1380 1537 1428 indicandis,

339 1453 513 1503 equidem
544 1467 619 1491 non
650 1454 799 1498 dubito,
831 1453 924 1504 quin
954 1454 1108 1492 Heinsio
1138 1466 1290 1504 quoque
1318 1460 1355 1491 et
1383 1452 1536 1491 Ouden-

336 1528 470 1581 dorpio
491 1528 633 1580 aliquid
652 1527 810 1566 humani
838 1526 1030 1566 acciderit.
1089 1526 1273 1565 Similiter
1290 1527 1329 1564 in
1354 1527 1533 1579 antiquae

336 1603 446 1642 Vitae
487 1605 705 1642 recensione
746 1610 958 1656 postremus
999 1615 1075 1639 non
1106 1601 1309 1652 diligenter
1353 1601 1532 1639 indicavit

336 1693 466 1717 omnes
509 1680 682 1718 codicum
725 1678 833 1717 Leid.
864 1685 902 1716 et
944 1676 1050 1715 Voss.
1081 1676 1262 1715 lectiones
1290 1674 1392 1713 unde
1420 1675 1534 1714 etiam

336 1753 462 1790 Iahnii
504 1753 656 1791 collatio
698 1753 824 1790 minus
864 1758 1038 1788 accurata
1080 1758 1135 1788 est
1162 1757 1199 1787 et
1239 1762 1315 1786 non
1356 1749 1533 1786 immunis

336 1827 526 1865 erroribus
545 1857 554 1873 ,
586 1827 837 1879 quamobrem
865 1839 1001 1863 novam
1045 1837 1161 1877 quam
1187 1823 1332 1862 institui
1360 1823 1531 1863 collatio-

335 1916 422 1940 nem
452 1903 652 1940 satirarum
679 1901 875 1940 collationi
904 1900 1059 1939 subieci.

333 2029 371 2058 In
394 2027 509 2058 Heinsii
532 2026 790 2058 animadversione
813 2025 850 2056 ad
873 2027 993 2056 Petron.
1016 2035 1041 2055 c.
1060 2025 1141 2055 XLII
1164 2023 1197 2054 in
1214 2022 1314 2066 prima
1335 2021 1408 2053 edit.
1426 2024 1529 2053 Burm.

333 2092 395 2124 qua
419 2091 492 2111 usus
515 2091 583 2110 sum
597 2104 606 2119 ⁷
638 2092 699 2111 non
733 2080 850 2122 legitur
880 2078 1020 2116 chana,
1044 2083 1082 2108 ut
1105 2077 1190 2107 lalm.
1213 2088 1247 2107 ex
1270 2076 1366 2107 altera
1388 2076 1477 2107 affert
1499 2081 1531 2107 et

333 2140 432 2166 exstat
455 2134 488 2165 in
511 2134 769 2167 animadversione
791 2133 829 2165 ad
851 2132 939 2164 ovid.
963 2131 1054 2163 Trist.
1078 2133 1123 2163 III
1137 2155 1147 2172 ,
1170 2133 1189 2162 5
1204 2154 1213 2171 ‚
1239 2132 1301 2171 39,
1323 2129 1374 2161 sed
1396 2130 1530 2169 ebullit,

333 2200 427 2233 quam
450 2188 615 2221 lectionem
636 2201 740 2223 revera
761 2188 906 2222 exhibent
928 2186 1012 2219 codd.
1035 2186 1115 2219 Leid.
1139 2191 1171 2218 et
1194 2187 1276 2218 Voss.
1301 2186 1330 2216 1.
