1857 3113
873 251 922 289 25

304 347 518 413 tbimgandi
558 356 700 408 ubique
742 364 871 397 exstat.
944 357 1031 397 Uno
1070 358 1109 397 in
1139 357 1251 404 loco,
1282 356 1349 395 ubi
1377 355 1502 393 littera

282 417 502 477 ..b'oziussa
546 438 631 477 est,
675 432 875 483 antiquum
921 432 1071 485 spiritus
1113 432 1234 485 asperi
1262 431 1410 482 signum
1440 440 1502 464 su-

283 506 553 568 fprasenptum
598 512 677 543 est.
725 506 850 544 Prima
879 505 1003 544 littera
1050 506 1198 560 prologi
1226 505 1391 543 colorata
1420 510 1500 547 est,

289 556 398 629 iad?
381 576 495 620 nulla
523 580 648 618 addita
676 580 882 633 inscriptio.
915 580 1036 619 Satira
1060 582 1172 618 unius
1201 586 1350 617 tantum
1380 588 1503 614 versus

286 625 425 710 ’ἕῳιὲίο
454 669 475 692 a
502 655 660 707 prologo
702 661 869 706 separata
911 662 965 693 est
1008 663 1045 693 et
1086 655 1207 707 prima
1242 653 1321 691 eius
1349 651 1501 695 littera,

284 715 458 787 ¹*xplfcaet‘oris
486 729 602 781 culpa
621 758 631 775 ,
662 729 747 766 alba
775 736 831 767 est
859 728 1003 767 relicta.
1430 750 1434 753 ⁴

296 801 488 845 D'Godex
534 802 606 841 Ms.
654 802 853 840 Vossianus
895 803 979 841 Lat.
1028 802 1100 854 (Ex
1141 802 1240 841 Bibl.
1272 802 1319 840 V.
1352 801 1412 839 Ill.
1452 800 1502 839 Is.

286 874 445 916 vossii.
492 876 603 926 205)
648 877 716 926 ΩΟ.
752 878 815 915 13.
861 877 911 928 (V
940 877 1026 927 3.)·‚
1064 877 1388 915 membranaceus.
1459 875 1502 913 In

301 949 378 990 hoe
419 950 611 989 volumine
653 951 820 1003 quinque
864 951 992 988 insunt
1045 950 1181 988 diversi
1224 950 1407 988 fasciculi.
1467 948 1499 987 I.

287 1013 484 1067 ''continet
513 1026 583 1064 tria
612 1026 791 1077 opuscula
834 1025 880 1063 ad
907 1039 987 1063 rem
1031 1025 1217 1063 medicam
1258 1025 1499 1078 pertinentia.

262 1121 264 1124 ·
309 1081 369 1138 1⁶.
399 1082 566 1151 Epistola
609 1099 812 1152 inscripta:
858 1099 1128 1151 Yppocratis
1170 1099 1396 1136 Mecenati
1425 1111 1503 1135 suo

306 1172 509 1215 salutem.
586 1173 757 1210 Fortasse
801 1173 901 1211 idem
947 1180 1128 1211 tractatus
1157 1172 1223 1223 qui
1254 1171 1322 1209 sub
1352 1171 1504 1209 nomine

278 1244 426 1296 -.fe1·tur
454 1246 608 1285 Antonii
649 1246 777 1285 Musae
816 1255 853 1286 et
881 1256 1037 1286 vocatur
1071 1247 1297 1285 Instructio
1326 1245 1375 1283 de
1403 1246 1505 1282 bona

233 1298 536 1375 ⁷·*sssualetudz'ne
579 1321 855 1359 conservanda
902 1323 955 1373 1).
1014 1324 1075 1360 20.
1122 1321 1312 1360 Antonii
1357 1320 1505 1358 Musae

265 1392 425 1434 ssliber
468 1394 522 1433 de
561 1394 699 1433 herba
739 1396 964 1435 Betonica.
1033 1397 1236 1435 Praemissa
1266 1403 1320 1434 est
1348 1394 1501 1448 epistola

277 1453 507 1526 ‘'inscripta:
568 1468 737 1506 Antoni
776 1469 927 1506 Musus
970 1461 1024 1509 ils.
1057 1470 1254 1522 Agrippe
1284 1469 1500 1507 Salutem.

269 1597 271 1599 Ι
294 1525 454 1587 'fiumen
483 1542 622 1581 herbae
660 1542 771 1581 modo
798 1546 978 1582 vetonica
996 1575 1005 1592 ‚
1046 1544 1159 1583 modo
1188 1547 1385 1582 vettonica
1414 1543 1504 1582 scri-

241 1602 244 1604 ’
306 1623 418 1679 ptum
447 1625 514 1655 est.
545 1619 606 1656 30.
639 1617 843 1670 Epistola
876 1619 1078 1658 Platonis
1109 1620 1366 1673 Apoliensis
1403 1619 1506 1657 data

295 1691 368 1746 'ad
392 1692 513 1731 cives
541 1706 646 1731 suos
664 1723 674 1740 ,
704 1707 791 1732 cum
820 1693 949 1732 libello
997 1694 1043 1733 de
1071 1697 1341 1735 nonnullarum
1369 1696 1506 1735 herba—

284 1771 407 1826 ῑεῳμ,
436 1769 473 1807 vi
513 1769 551 1806 in
591 1769 794 1808 medicina.
867 1770 911 1807 In
938 1769 1009 1807 hoc
1052 1770 1181 1809 libello
1200 1802 1210 1818 ,
1257 1773 1322 1824 qui
1350 1786 1426 1809 non
1457 1771 1503 1809 ad

388 1856 427 1881 m
456 1843 665 1895 perductus
706 1850 785 1888 est,
828 1856 946 1894 aeque
987 1844 1095 1881 acin
1140 1845 1321 1896 opusculo
1350 1845 1506 1884 Antonii

400 1929 439 1974 „e
477 1917 664 1954 variarum
704 1916 908 1954 herbarum
946 1916 1154 1968 imaginum
1196 1919 1310 1957 modo
1338 1919 1505 1958 delinea—

283 1988 347 2030 ti
395 2001 434 2045 es
463 1990 635 2043 appictae
664 1997 775 2037 sunt,
816 1991 930 2029 modo
960 1992 1006 2029 ad
1035 2006 1095 2030 eas
1125 1993 1364 2046 apponendas
1390 2007 1507 2032 vacua

394 2063 428 2109 'a
475 2064 699 2102 intermedia
743 2064 886 2103 relicta.
944 2066 1111 2104 Initiales
1153 2067 1298 2114 minio,
1339 2068 1507 2121 plerum—

408 2139 527 2198 -ctiam
570 2147 747 2191 argenteo
777 2139 900 2177 colore
940 2139 1126 2178 obductae
1155 2149 1242 2180 sunt
1273 2150 1309 2180 et
1339 2142 1508 2195 singula—

305 2219 397 2253 mm
420 2215 636 2253 *sectionum
669 2215 793 2267 capita
820 2214 936 2252 minio
968 2215 1167 2268 adscripta.
1200 2216 1251 2254 II.
1299 2217 1371 2254 Hic
1399 2216 1509 2253 fasci-

312 2290 440 2336 culus,
485 2297 527 2327 ut
570 2290 682 2360 etiam
711 2290 834 2343 prior,
866 2289 1013 2327 duobus
1042 2298 1214 2329 constans
1248 2291 1507 2343 quaternioni-

310 2364 382 2402 bus
398 2393 408 2410 ,
439 2364 631 2402 continere
659 2363 807 2402 videtur
836 2364 1019 2403 nonnulla
1052 2365 1075 2403 d
1083 2379 1103 2404 e
1111 2378 1182 2403 cre
1191 2372 1204 2404 t
1214 2379 1234 2403 a
1244 2365 1257 2403 l
1267 2365 1279 2403 i
1288 2380 1308 2403 a
1350 2365 1380 2405 C
1389 2380 1409 2405 a
1419 2380 1436 2405 r
1445 2365 1510 2404 oli

357 2530 385 2572 ¹)
407 2529 450 2561 Cf.
474 2530 579 2563 Baehr.
604 2532 708 2565 Gesch.
731 2532 761 2564 d.
785 2544 877 2565 roem.
902 2534 1027 2566 Literat.
1052 2536 1085 2565 T.
1112 2537 1156 2575 Π,
1179 2545 1245 2578 pag.
1269 2536 1343 2565 529.
