1857 3113
831 265 880 308 '8'7

262 380 337 418 743
367 380 459 433 sq.);
492 378 608 416 docta
627 379 732 430 falx
763 378 890 430 (Prop.
913 377 976 424 ΙΙ,
1011 380 1079 424 15,
1112 379 1192 430 12).
1253 378 1317 416 Sic
1346 378 1459 415 labor

259 452 526 505 doctusapud
555 453 712 492 Phaedr.
743 454 769 492 l.
800 454 857 499 II,
887 453 976 506 epil.
1011 467 1044 492 v.
1075 454 1122 490 14
1141 454 1221 491 etl.
1243 453 1321 500 ΙΙΙ,
1355 452 1457 505 prol.

258 541 294 566 v.
327 530 409 575 26;
442 525 540 579 apud
569 524 665 564 Stat.
700 524 816 566 Silvv.
847 526 913 575 II,
946 530 967 565 7
991 557 1001 574 ,
1033 529 1056 565 3
1078 557 1087 573 ,
1119 526 1273 565 doctum
1302 532 1455 565 ostrum

260 611 296 640 et
325 616 378 640 vs.
412 603 459 638 12
481 631 490 647 ,
523 601 632 639 docti
656 615 806 640 amnes.
867 602 977 655 Apud
1008 603 1103 640 Plin.
1135 603 1174 639 in
1205 602 1341 654 Epistt.
1386 601 1457 637 do-

258 678 434 714 ctissimi
474 688 673 714 sermones
702 675 805 728 (ΙΙΙ,
851 679 872 714 7
897 706 906 723 ‚
951 679 973 714 5
1002 684 1041 715 et
1082 676 1180 721 VII,
1225 677 1302 721 25,
1348 675 1388 722 3)
1419 680 1458 711 et

259 751 376 788 docta
403 751 609 788 mobilitas
639 750 724 800 (Vll
742 779 751 791 .
784 754 807 788 9
826 780 836 797 ,
870 752 950 802 11).
1010 750 1152 788 Eodem
1181 750 1292 788 modo
1314 748 1393 786 Cic.
1412 747 1458 785 de

259 824 345 863 Nat.
377 825 423 864 D.
454 825 518 872 ΙΙ,
553 827 599 863 18
629 824 832 862 eruditum
861 824 953 863 dicit
976 826 1196 878 pulverem.
1256 823 1327 861 Pro
1357 822 1457 860 anti-

258 901 522 951 quissimarum
551 900 761 938 editionum
789 899 950 937 lectione
974 899 1115 936 bellum
1131 899 1357 936 bochellum
1379 903 1457 943 est,

258 974 358 1025 quod
377 975 476 1013 varie
494 975 531 1012 in
551 975 608 1013 his
628 975 870 1027 distinguitur
902 975 951 1024 1),
980 974 1125 1026 primus
1144 1003 1154 1020 ,
1186 972 1285 1025 quod
1317 972 1431 1009 sciam
1446 1000 1455 1017 ‚

257 1050 432 1089 Pithoeus
460 1052 576 1090 edidit
604 1052 744 1088 bellum
772 1052 842 1088 Ιιοο
861 1049 878 1086 !
908 1050 979 1086 hoc
1006 1048 1186 1086 bellum?
1216 1057 1252 1086 et
1282 1047 1457 1086 similiter

256 1132 338 1177 post
366 1139 453 1164 eum
484 1124 725 1164 casaubonus
754 1124 894 1176 aliique
923 1124 973 1174 2).
1007 1123 1113 1161 Hanc
1137 1123 1339 1161 lectionem
1366 1121 1457 1159 reli·-

258 1206 354 1236 ctam
385 1213 405 1237 a
433 1198 603 1238 Passovio
623 1198 674 1249 3),
703 1198 868 1243 Plumio,
899 1197 1104 1235 Hauthalio
1125 1198 1178 1247 4),
1208 1198 1275 1248 qui
1292 1203 1458 1234 veterem

257 1280 506 1324 receperunt,
536 1281 574 1310 et
603 1273 650 1309 ab
681 1272 900 1310 Achaintrio
919 1302 929 1318 ,
969 1271 1110 1310 Orellio
1139 1279 1176 1309 et
1205 1272 1249 1310 E.
1283 1271 1328 1309 G.
1362 1270 1457 1308 We-

255 1346 347 1385 bero
368 1376 378 1393 ,
409 1347 474 1399 qui
502 1348 643 1385 bellum
671 1348 741 1385 hoc
769 1348 982 1395 iterarunt,
1030 1348 1155 1386 denuo
1186 1345 1427 1385 Heinrichius
1446 1376 1455 1392 ‚

255 1420 408 1459 Iahnius
426 1429 463 1459 et
481 1421 713 1459 Duentzerus
741 1422 775 1472 5)
807 1431 1054 1460 revocarunt:
1087 1430 1189 1460 recte
1217 1422 1284 1467 hi,
1315 1421 1456 1472 quibus

256 1495 368 1534 etiam
388 1495 576 1535 calculum
598 1496 756 1536 adiicere
777 1496 924 1536 videtur
942 1497 1181 1536 Hermannus
1201 1494 1254 1548 6)‚
1286 1494 1456 1549 quamvis

256 1571 303 1609 de
318 1572 478 1623 genuina
495 1572 656 1610 lectione
671 1573 991 1625 dubitans,quum
1008 1573 1248 1611 deterrimam
1264 1580 1372 1610 vocet
1384 1572 1457 1610 hoc

257 1646 340 1684 loco
368 1645 532 1684 eiusdem
551 1646 713 1684 membri
732 1648 1011 1700 repetitionem,
1031 1647 1094 1685 sed
1114 1648 1249 1685 merito
1266 1654 1395 1700 postea
1419 1647 1454 1697 7)

303 1761 330 1804 ¹)
376 1761 417 1792 Cf.
442 1761 553 1793 Hauth.
577 1761 598 1793 l.
622 1762 645 1793 l.
668 1773 733 1806 pag.
759 1765 822 1802 29,
846 1774 888 1806 sq.
903 1787 911 1802 ‚
937 1762 990 1794 ubi
1014 1763 1109 1794 etiam
1132 1764 1253 1795 bellum
1267 1764 1457 1795 bochellum

258 1817 316 1848 hoc
338 1828 373 1848 ex
396 1816 579 1856 nonnullis,
603 1817 653 1848 sed
675 1816 889 1860 paucioribus,
914 1817 1097 1848 editionibus
1120 1818 1218 1849 affert.

300 1871 329 1912 ²)
374 1870 500 1901 Farnab.
515 1894 524 1910 ‚
549 1871 640 1902 Bond.
655 1896 664 1912 ‚
687 1871 807 1903 Schrev.
826 1896 835 1911 .,
859 1872 940 1902 Reiz.
954 1895 964 1911 ⁷
988 1871 1115 1914 Koenig.

302 1926 330 1968 ⁸)
373 1928 441 1969 Pag.
470 1928 544 1957 303.

300 1980 330 2023 ⁴)
375 1980 467 2012 Petiit
490 1991 577 2011 suam
600 1979 782 2020 lectionem,
813 1986 1023 2025 praeterquam
1047 1993 1080 2013 ex
1104 1981 1191 2014 editt.
1215 1981 1455 2025 antiquissimis7

256 2036 431 2081 praesertim
454 2047 489 2067 ex
510 2034 596 2066 codd.
619 2035 829 2066 vetustissimis
847 2036 1064 2068 parisiensibus
1077 2043 1227 2081 quatuor,
1239 2035 1356 2068 duobus
1370 2035 1457 2067 modo

257 2090 459 2123 memorandis
489 2096 521 2121 et
544 2102 575 2120 n.
600 2092 686 2121 8048
722 2089 822 2131 (Iahn.
847 2093 868 2121 P
893 2094 947 2132 1),
971 2103 1006 2122 ex
1041 2104 1099 2134 quo
1134 2092 1227 2122 ctiam
1261 2094 1363 2122 Herm.
1389 2092 1456 2131 (K.)

257 2145 335 2177 hanc
367 2145 528 2176 lectionem
563 2143 652 2175 affert
674 2150 705 2175 et
727 2156 758 2175 n.
782 2147 867 2176 8049
892 2146 992 2187 (Iahn.
1017 2148 1038 2176 P
1063 2148 1120 2186 4),
1156 2157 1288 2189 quorum
1313 2145 1456 2176 lectiones

258 2207 359 2233 nostro
381 2200 446 2232 loco
467 2211 527 2231 non
551 2199 696 2231 indicavit
729 2198 838 2240 Iahn.‚
872 2200 925 2243 qui
960 2200 1136 2244 ceteroquin
1159 2200 1242 2231 codd.
1267 2200 1370 2232 Pariss.
1395 2211 1456 2231 non

257 2256 441 2299 antiquiores
463 2255 601 2286 aestimat
623 2254 723 2285 seculo
745 2256 806 2294 XI,
841 2266 938 2297 quum
962 2254 1076 2285 Hauth.
1100 2255 1164 2285 cod.
1189 2266 1219 2285 n.
1244 2256 1330 2285 8070
1355 2253 1455 2294 (Iahn.

258 2310 280 2340 P
303 2311 339 2351 3)
372 2315 403 2340 et
438 2311 523 2341 8272
559 2308 659 2351 (Iahn.
683 2310 705 2339 P
728 2310 763 2350 5)
798 2308 896 2340 seculo
918 2310 946 2340 X
968 2308 1148 2352 adscripsit3
1180 2307 1216 2339 cf.
1241 2307 1354 2339 Hauth.
1387 2307 1408 2338 1.
1433 2306 1455 2338 l.

258 2376 324 2408 pag.
349 2366 390 2395 30
413 2369 444 2395 et
467 2363 551 2395 lahn.
575 2375 641 2406 pag.
665 2365 750 2394 CCVI
764 2387 774 2403 7
796 2375 860 2407 sqq.

304 2420 333 2459 5)
378 2419 452 2449 Eam
484 2417 646 2449 lectionem
682 2417 776 2448 etiam
797 2415 982 2448 Teuffelium
1005 2415 1153 2460 praeferre
1175 2428 1211 2448 ex
1233 2417 1298 2448 eius
1322 2417 1456 2447 versione

259 2479 352 2516 patet.

305 2526 333 2568 ⁶)
378 2529 474 2558 Lectt.
497 2529 588 2559 Perss.
613 2529 662 2567 ΙΙ,
685 2528 747 2566 21,
770 2525 872 2570 ibique
895 2527 929 2559 in
952 2533 1023 2559 nota
1048 2531 1098 2559 33.

305 2581 333 2622 ⁷)
378 2584 413 2612 In
437 2581 548 2625 disput.
573 2582 709 2626 Gotting.
734 2585 842 2623 1846,
866 2594 934 2626 pag.
959 2585 1010 2615 16.
