1857 3113
910 269 957 303 72

324 369 582 420 propendere
602 371 748 423 saepius
767 380 939 410 occurrat
964 387 1073 412 sensu
1101 375 1373 429 metaphorice,
1403 385 1528 415 nostra

267 433 271 436 ‚
332 448 459 481 tamen
487 444 758 496 significatione
786 446 925 499 legitur
953 449 1052 502 apud
1085 448 1164 489 Cic.
1198 450 1330 490 Tusco.
1363 451 1443 502 QQ.
1476 452 1524 498 V,

332 520 379 555 17
410 526 447 557 et
478 518 628 558 Colum.
659 520 706 559 de
731 521 778 560 R.
798 522 844 561 R.
877 523 965 570 VII,
998 525 1067 569 12,
1097 533 1246 577 praeter
1275 541 1373 579 quae
1401 541 1527 566 exem-

327 577 411 646 pla,
442 608 462 633 e
492 595 606 632 Fabri
635 595 826 635 Thesauro
847 597 1087 651 deprompta,
1109 601 1214 638 nulla
1242 601 1313 639 alia
1332 602 1458 639 inveni
1475 601 1524 653 Ι).

326 669 440 722 Apud
479 669 622 708 Iulium
670 678 798 710 autem
847 672 1103 726 Capitolinum
1148 676 1187 714 in
1230 677 1304 715 vita
1347 676 1526 715 Gordiani

325 743 488 781 Iunioris
517 745 552 795 2)
583 743 788 783 Salmasius
817 746 889 784 alio
916 749 1128 800 significatu
1148 763 1396 803 propensum
1426 750 1524 787 acci-

324 818 509 872 piendum
555 827 666 872 putat
687 850 698 867 ,
757 835 894 875 nempe
938 822 990 861 ita
1035 832 1078 862 ut
1123 825 1347 877 respondeat
1391 837 1525 877 graeco

325 893 572 948 κατωφερήςῆ
618 894 786 945 alioquin
813 895 876 933 hic
905 910 1057 948 quoque
1098 898 1202 935 locus
1229 900 1425 951 proprium
1462 913 1525 937 vo—

323 965 451 1005 cabuli
468 980 703 1021 propensus
732 982 843 1007 usum
874 969 1047 1022 probaret
1074 978 1111 1010 et
1130 971 1272 1024 optime
1302 987 1339 1011 se
1366 972 1525 1012 haberet

322 1044 369 1082 de
399 1044 585 1083 obscoeno
614 1045 769 1096 inguine
799 1045 969 1098 Priapeio
1011 1046 1074 1097 3),
1105 1047 1168 1083 cui
1195 1054 1238 1084 ut
1265 1047 1401 1085 melius
1429 1055 1524 1086 esset

321 1118 650 1157 accommodatum
692 1116 896 1157 Salmasius
934 1118 1137 1171 aliquando
1178 1120 1320 1173 legerat
1351 1126 1522 1173 proten-

324 1193 445 1229 tiorz‘s
464 1222 474 1239 ‚
520 1191 622 1245 quod
659 1192 773 1231 etiam
803 1192 1026 1232 casaubono
1054 1193 1157 1232 haud
1186 1194 1377 1249 displicuit
1401 1210 1411 1243 ;
1459 1195 1523 1234 sed

323 1268 588 1305 emendatione
616 1282 693 1305 non
717 1282 810 1320 opus
838 1277 907 1307 est.

379 1343 445 1387 59,
476 1354 532 1393 sq.
591 1341 676 1380 Nec
694 1356 837 1381 manus
868 1342 960 1394 cet.]
985 1342 1120 1381 'Etiam
1147 1342 1185 1381 in
1200 1341 1257 1381 his
1277 1342 1424 1381 duobus
1440 1357 1521 1382 ver-

321 1415 422 1451 sibus
451 1416 575 1453 Persio
604 1419 802 1468 negotium
830 1417 975 1454 facessit
1004 1417 1230 1453 Hauthalius
1259 1417 1323 1467 4);
1355 1418 1522 1469 primum

318 1488 523 1529 dictionem
541 1490 699 1529 mobilis
718 1493 880 1530 imitari
898 1492 1053 1531 latinam
1082 1506 1159 1530 esse
1189 1499 1321 1544 negat,
1352 1491 1522 1530 iudicans

319 1564 500 1601 adiectiva
531 1579 550 1602 a
589 1565 711 1602 verbis
740 1565 906 1603 derivata
936 1566 974 1603 in
1004 1567 1075 1602 ilis
1105 1579 1180 1603 non
1209 1580 1316 1618 posse
1344 1579 1432 1603 cum
1461 1567 1519 1603 in-

320 1639 466 1677 finitivo
508 1640 701 1686 construi,
747 1640 777 1677 si
818 1639 876 1677 his
919 1641 1108 1679 adiectivis
1161 1639 1394 1693 significetur
1435 1641 1521 1679 finis

322 1714 481 1751 actionis
511 1727 609 1765 quae
638 1714 751 1752 verbo
782 1714 1016 1766 exprimitur.
1050 1715 1084 1764 5)
1137 1713 1245 1751 Hanc
1274 1713 1324 1750 ob
1352 1726 1519 1751 caussam

365 1849 393 1889 ¹)
439 1847 529 1891 Apud
552 1849 636 1879 Suet.
660 1854 764 1880 autem
787 1848 820 1879 in
844 1848 899 1879 vit.
924 1847 1009 1879 Galb.
1033 1859 1059 1879 c.
1083 1849 1163 1879 XXI.
1188 1847 1317 1891 plurimi
1339 1847 1422 1879 codd.
1435 1859 1520 1891 prae-

318 1901 394 1933 bent
411 1902 681 1944 praependebat‚
706 1902 744 1933 ad
766 1914 858 1946 quem
881 1892 994 1943 locum,
1015 1903 1069 1947 qui
1091 1903 1266 1947 ceteroquin
1279 1914 1371 1946 quam
1388 1902 1521 1934 maxime

318 1957 429 1989 faceret
452 1958 489 1988 ad
512 1958 666 1989 tuendum
685 1968 869 1998 propenso,
892 1957 930 1989 cf,
954 1957 1091 1990 Oudend.
1115 1958 1217 1989 Etiam
1239 1956 1320 2000 apud
1342 1958 1428 1988 Mart.
1453 1959 1494 1988 IX
1509 1982 1519 1996 .,

321 2014 383 2053 48,
409 2015 438 2044 4.
463 2012 593 2055 plurimi
616 2011 731 2043 habent
750 2012 961 2054 praependet.

366 2067 395 2107 ¹)
439 2065 538 2098 Verba
560 2077 638 2109 quae
662 2071 827 2097 occurrunt
844 2077 908 2108 cap.
932 2068 1025 2106 X!X‚
1048 2066 1269 2098 Gordianorum
1291 2066 1398 2098 Trium
1413 2090 1423 2106 ⁷
1446 2066 1519 2097 haec

321 2125 415 2151 sunt:
449 2132 467 2149 n
480 2119 722 2162 Appellatnsque
746 2125 791 2150 est
814 2120 862 2150 sui
885 2120 1031 2162 temporis
1053 2120 1210 2159 Priamus;
1246 2131 1339 2162 quem
1360 2119 1454 2161 vulgo
1475 2119 1518 2149 io-

319 2179 422 2206 cantes
435 2198 445 2214 ,
467 2174 547 2217 quod
581 2179 657 2205 esset
685 2180 813 2206 naturae
835 2174 1034 2218 propensioris
1047 2198 1056 2214 ‚
1090 2173 1234 2217 Priapum
1270 2184 1332 2205 non
1361 2173 1519 2205 Priamum

319 2241 404 2273 saepe
426 2230 598 2260 vocitarunt
610 2232 642 2268 ;'’
667 2241 728 2272 quo
751 2230 832 2260 vidd.
857 2230 991 2272 interpp.

312 2313 318 2318 .
365 2286 393 2326 ³)
438 2283 480 2316 Cf.
506 2286 576 2315 Hor.
600 2285 663 2315 Sat.
688 2286 725 2324 Ι,
749 2287 791 2324 8,
814 2281 858 2316 5:
885 2291 1087 2326 »porrectus
1109 2282 1148 2314 ab
1170 2283 1299 2327 inguine
1321 2282 1439 2327 palus.’'

364 2340 393 2380 ¹⁴)
440 2341 477 2370 In
499 2340 573 2370 Mus.
603 2338 701 2370 Rhen.
725 2340 797 2370 Nov.
819 2341 895 2380 Ser.‚
918 2341 959 2370 vl
983 2340 1121 2381 (1847),
1145 2350 1212 2382 pag.
1237 2341 1421 2370 310—318.

367 2395 395 2434 ⁵)
441 2394 515 2424 Eius
529 2394 630 2434 verba⁷
654 2406 720 2436 pag.
735 2396 810 2433 312,
834 2394 907 2425 haec
929 2400 1019 2424 sunt:
1046 2394 1113 2433 »ist
1135 2393 1211 2425 auch
1228 2393 1297 2424 sehr
1310 2405 1348 2424 zu
1359 2393 1517 2433 beachten,

319 2448 399 2479 dass
423 2446 501 2477 kein
524 2449 672 2489 einziqes
696 2448 756 2479 der
773 2455 966 2491 qenannteoez
987 2448 1153 2489 Ady'ective
1178 2447 1247 2489 auf
1264 2447 1345 2476 ilis
1368 2447 1440 2477 eine
1456 2446 1517 2477 Ab·

320 2503 427 2541 sie-ht,
451 2502 550 2531 einen
574 2502 687 2531 Zweclc
710 2502 769 2532 der
790 2504 827 2532 in
850 2503 921 2533 dem
945 2504 1082 2532 Verbwm
1103 2503 1330 2539 transitivum,
1353 2511 1415 2531 von
1442 2501 1528 2532 wel-⁶

317 2557 406 2588 chem
430 2568 466 2587 es
484 2555 634 2598 qebildet
655 2556 723 2595 ist,
747 2556 955 2586 euthaltenen
983 2555 1168 2598 Thiitigkeit
1188 2554 1401 2586 ausdruckte’
