1857 3113
871 240 920 275 65

303 356 395 387 tant.
456 349 571 387 Recte
601 359 688 384 vero
717 346 869 385 Iahnius
897 346 928 397 1)
958 346 997 383 in
1027 358 1092 383 sua
1121 345 1283 384 editione
1304 345 1492 397 vulgatam

300 421 460 475 quando
486 421 687 460 illustravit
714 428 751 460 et
774 428 900 460 nostro
933 418 1016 458 loco
1041 418 1255 459 vindicavit.
1315 418 1493 459 Ceterum

300 496 461 533 Passovii
480 496 515 544 2)
546 496 848 548 explicationem,
878 507 954 545 qua
982 500 1167 532 excutere
1196 509 1246 533 vs.
1269 497 1318 532 49
1348 495 1493 532 dictum

301 569 347 608 sit
376 570 423 609 de
450 570 549 623 peris
578 570 780 625 capacibus
819 582 915 623 quae
951 582 1079 608 omnes
1124 569 1358 609 laudationes
1389 568 1427 607 in
1456 582 1494 607 se

301 643 508 696 recipiant,
539 646 672 683 merito
703 646 891 698 explosam
921 645 968 682 ab
998 645 1214 683 Heinrichio
1244 644 1304 695 3),
1352 658 1494 696 nuper-

301 717 394 756 rime
437 718 561 758 denuo
597 720 755 773 protulit
785 719 987 758 Teuffelius
1015 719 1068 771 4).
1126 719 1262 757 Melius
1290 732 1378 757 vero
1407 716 1493 755 Iah-

300 791 384 827 nius
404 793 438 841 5)
469 799 653 831 excutere
681 794 861 846 explicat:
896 807 1009 830 »rem
1038 793 1204 844 aliquam
1232 792 1284 829 ita
1314 798 1492 841 quatere,

301 872 344 903 ut
385 866 567 919 quicquid
612 868 724 907 alieni
764 868 850 906 insit
896 866 1105 914 decidat,''
1147 868 1209 906 cui
1235 866 1348 905 etiam
1379 866 1495 905 altera

300 941 452 978 accedat
486 942 647 980 Ernestii
676 940 711 995 6)
754 941 977 995 explicatio:
1028 941 1192 979 »videre
1232 942 1261 978 si
1290 941 1373 992 quis
1401 940 1494 991 quid

299 1013 560 1054 absconditum
589 1031 714 1056 secum
742 1016 879 1055 habeat
896 1046 905 1062 ,
949 1015 1052 1067 quod
1091 1015 1170 1054 fere
1198 1016 1242 1054 fit
1269 1014 1493 1054 excutienda

299 1097 408 1141 toga:
441 1090 643 1129 scrutari.''
717 1091 910 1142 Exquisite
953 1090 1054 1128 enim
1082 1098 1209 1128 noster
1236 1090 1263 1128 1.
1294 1090 1321 1128 l.
1353 1104 1397 1128 eo
1426 1103 1492 1128 vo-

298 1163 433 1202 cabulo
462 1177 549 1202 usus
576 1173 631 1203 cst
648 1194 657 1211 ,
695 1178 772 1216 quo
800 1163 927 1201 ambas
972 1165 1299 1217 interpretationes
1327 1177 1403 1202 una
1431 1177 1493 1201 ex—

297 1239 447 1292 primat.
520 1238 702 1278 Similiter
730 1239 893 1277 occurrit
921 1237 1001 1277 Sat.
1044 1239 1078 1276 V
1096 1269 1106 1286 ‚
1150 1241 1199 1277 22
1231 1246 1268 1278 et
1297 1238 1353 1277 VI
1370 1270 1380 1286 ‚
1413 1242 1460 1278 75
1483 1255 1491 1286 ;

297 1326 386 1350 cum
422 1315 605 1351 scrutari
644 1312 890 1350 coniunctum
933 1313 1123 1351 invenitur
1163 1313 1263 1366 apud
1304 1313 1381 1351 Cic.
1425 1328 1494 1366 pro

297 1387 405 1426 Rosc.
448 1387 574 1425 Amer.
617 1387 779 1424 XXXIV
807 1394 844 1424 et
874 1386 991 1437 Epist.
1023 1386 1070 1423 ad
1101 1386 1145 1435 Q.
1178 1386 1239 1424 Fr.
1274 1387 1311 1433 I,
1350 1390 1386 1433 Ι,
1419 1391 1487 1436 3.,-

296 1475 383 1500 cum
412 1456 616 1514 inquirere
646 1474 706 1512 ap.
739 1458 846 1498 Ovid.
879 1459 996 1511 Epist.
1024 1473 1066 1497 ex
1096 1459 1215 1498 Ponto
1244 1460 1314 1508 IV,
1345 1462 1385 1508 8,
1420 1463 1488 1507 17,

296 1549 377 1587 sqq.
406 1543 445 1573 et
474 1535 626 1573 seorsim
655 1535 692 1571 in
724 1533 842 1572 Fastt.
876 1532 929 1579 V,
963 1535 1070 1580 244;
1104 1534 1204 1586 apud
1235 1534 1392 1573 Phaedr.
1426 1535 1459 1571 V
1479 1566 1487 1582 ‚

298 1613 344 1657 5,
391 1613 437 1649 19
480 1611 545 1663 (cf.
589 1610 641 1648 ibi
688 1608 916 1660 Scheffer.);
963 1608 1043 1649 Iuv.
1087 1609 1138 1648 VI
1184 1612 1288 1659 143;
1336 1611 1488 1651 Petron.

296 1683 529 1722 LXXXVIII
570 1684 662 1735 (quo
690 1684 766 1722 vid.
811 1684 960 1736 Burm.)
999 1693 1037 1722 et
1066 1684 1218 1731 CXIX;
1252 1684 1359 1723 Curt.
1391 1685 1465 1722 VII
1481 1715 1489 1730 ‚

296 1759 320 1795 2
340 1788 350 1804 ,
381 1761 404 1797 9
447 1759 513 1811 7);
560 1759 656 1798 Plin.
688 1759 773 1798 Iun.
803 1758 837 1811 8)
883 1759 921 1798 in
953 1758 1125 1812 Epistolis
1166 1758 1331 1812 passim3
1382 1758 1488 1798 Suet.

338 1875 366 1915 ¹)
411 1874 442 1904 P.
467 1875 528 1914 39,
551 1885 613 1917 sq.;
637 1873 672 1905 cf.
697 1876 809 1905 Passov.
833 1885 899 1917 pag.
924 1875 998 1905 2175.
1022 1874 1194 1905 Lectionem
1216 1874 1279 1905 cod.
1303 1875 1414 1905 Monac.
1437 1878 1466 1906 1.
1480 1900 1488 1915 ‚

290 1926 372 1970 apud
393 1928 506 1959 Passov.
531 1928 630 1969 (Iahn.
654 1931 683 1959 M
705 1930 751 1970 6.)
775 1940 874 1970 quum
897 1928 998 1968 haec,
1021 1928 1070 1959 cui
1093 1927 1210 1971 aliquid
1233 1928 1344 1960 tribuit
1367 1929 1488 1960 Heinri-

292 1981 380 2014 clu‘us
393 2007 402 2023 ‚
425 1994 487 2014 non
510 1983 657 2016 indicavit
680 1982 766 2015 Iahn.

336 2037 364 2077 2)
410 2039 441 2068 Ρ.
468 2039 542 2069 276.

338 2091 365 2132 ³)
409 2093 440 2121 P.
465 2094 517 2123 86.

335 2148 364 2189 ⁴)
409 2148 440 2177 P.
464 2149 538 2179 101.
561 2145 703 2178 Teuffelii
725 2151 828 2177 tamen
850 2146 951 2188 liber,
983 2159 1079 2191 quum
1103 2147 1248 2180 edebatur
1272 2146 1485 2179 Heinrichiana

290 2200 392 2232 editio.
416 2202 554 2233 nondum
577 2200 720 2245 prodiisse
741 2200 870 2232 videtur.

332 2254 360 2295 ⁸)
406 2257 437 2286 P.
462 2258 513 2287 90.

332 2309 361 2350 ⁶)
406 2310 442 2339 In
465 2308 545 2339 Clav.
570 2309 628 2339 Cic.
652 2309 686 2339 in
708 2320 786 2340 voce.

329 2363 357 2404 ⁷)
401 2362 512 2394 Unicus
534 2361 585 2393 hic
606 2367 651 2393 est
674 2362 772 2393 Curtii
794 2362 878 2394 locus
901 2374 961 2406 quo
984 2361 1075 2394 illam
1097 2363 1357 2406 significationem
1379 2363 1482 2403 habet,

286 2416 361 2449 alibi
383 2416 435 2449 hic
467 2417 594 2460 scriptor
617 2416 678 2448 sola
706 2418 864 2461 quatiendi
886 2418 1009 2449 notione
1031 2417 1088 2449 hoc
1111 2418 1241 2451 verbum
1266 2425 1411 2463 usurpat3
1444 2418 1480 2449 cf.

287 2470 380 2502 Index
403 2467 587 2503 Freinshem.
612 2471 698 2513 (edit.
721 2472 888 2515 Snakenb.)
911 2472 945 2504 in
967 2484 1046 2504 voce.

332 2523 360 2565 ⁸)
406 2525 494 2568 Apud
527 2525 611 2558 hunc
632 2531 736 2558 contra
758 2527 792 2558 in
814 2538 902 2571 opere
931 2525 1013 2558 laud.
1049 2526 1163 2571 ubique
1186 2527 1246 2559 fere
1276 2537 1483 2571 synonymum

1298 2608 1319 2630 D
