1857 3113
921 291 970 327 60

344 409 444 450 gens
473 411 558 436 eum
584 398 725 449 pulmo
767 396 1040 440 construxerit,
1082 396 1258 433 nimirum
1288 396 1389 447 quod
1418 395 1468 434 ita
1497 403 1535 435 et

337 485 473 524 pexus
501 479 538 508 et
565 470 681 507 albus
710 468 755 506 ad
786 468 820 506 id
853 468 982 506 referri
1010 468 1171 507 debeant
1200 469 1302 521 quod
1330 469 1535 507 absurdum

345 557 434 581 esse.
494 543 600 580 Licet
629 542 729 579 enim
748 555 965 593 pexusque
982 543 1165 579 —albus
1195 555 1314 593 aeque
1348 556 1390 579 ac
1417 542 1536 594 parti-

302 607 309 610 *
346 616 488 669 cipium
517 616 651 668 legens
680 628 768 653 cum
797 628 888 654 voce
906 616 1048 669 pulmo
1078 623 1363 663 construantur,
1393 623 1535 662 tamen,

346 699 388 729 ut
417 692 563 743 saepius
593 692 665 737 fit,
709 691 811 729 κριταὶ
840 690 983 729 σύνεσιν
1027 692 1156 729 referri
1184 691 1323 729 debent
1352 690 1398 727 ad
1426 690 1538 727 intel-

347 764 485 802 lectam
513 764 671 816 legentis
700 778 899 817 personam
918 795 928 812 ,
972 772 1010 804 et
1047 773 1147 805 recte
1179 766 1417 804 Hermannus
1447 776 1537 801 con-

348 839 438 876 tulit
478 838 606 876 locum
650 838 782 877 Iuven.
827 838 890 885 X,
922 841 1042 885 238,'
1071 854 1126 891 sq.
1175 841 1223 890 1).
1295 838 1541 890 Participium

348 919 476 951 autem
519 913 682 962 leyen-9,
736 911 836 962 quod
879 926 1008 950 omnes
1051 912 1128 950 fere
1172 913 1358 965 praebent
1399 911 1538 958 codd.,

348 998 480 1023 sanum
515 992 598 1030 est,
644 998 769 1035 neque
812 984 889 1021 ulla
928 997 1056 1022 caussa
1091 998 1158 1023 cur
1196 999 1282 1022 cum
1321 984 1540 1022 Heinrichio

348 1058 586 1111 quorundam
623 1058 866 1109 antiquorum
904 1058 1090 1096 editorum
1128 1058 1330 1098 lectionem
1365 1061 1469 1111 ἱερεῖ
1504 1059 1541 1110 2)

348 1133 572 1186 recipiamus
591 1162 600 1179 ,
631 1132 693 1170 cui
720 1132 818 1170 nulli
853 1133 1106 1185 suffragantur
1133 1132 1243 1171 codd.
1262 1163 1272 1179 ,
1313 1134 1372 1171 vel
1400 1146 1541 1186 pauco-

350 1222 435 1246 rum
464 1207 575 1245 codd.
619 1208 844 1259 scripturam
883 1208 989 1259 leges
1020 1206 1070 1257 3).
1130 1206 1265 1258 Neque
1303 1205 1541 1244 Heinrichia-

350 1280 444 1321 num
487 1282 672 1319 colluerz‘t
700 1282 734 1332 4)
775 1281 897 1334 probo
916 1311 926 1327 ‚
971 1281 1070 1331 quod
1107 1281 1175 1319 etsi
1217 1281 1361 1319 codices
1389 1281 1543 1332 quidem

395 1426 423 1468 1)
468 1426 511 1457 Cf.
534 1428 572 1457 K.
587 1428 621 1457 G.
646 1426 734 1457 Iacob
756 1427 790 1457 in
811 1437 889 1457 cens.
914 1425 1000 1457 valde
1023 1425 1167 1457 laudante
1189 1424 1285 1467 operis
1302 1425 1544 1464 Duentzeri‚eui

347 1479 462 1512 titulus
484 1485 546 1510 est:
571 1479 625 1509 Die
646 1478 819 1510 riimisehen
841 1478 1005 1518 Satiriker‚
1029 1478 1080 1509 fur
1103 1478 1254 1522 gebildete
1266 1481 1352 1510 Leser
1363 1478 1545 1521 iibertragen

349 1546 380 1567 u.
415 1546 457 1565 m.
491 1533 550 1564 den
584 1532 733 1576 niithigen
767 1532 1013 1575 Erliiuterungen
1047 1532 1200 1565 versehen.
1235 1531 1426 1564 Brannschw.
1462 1534 1544 1563 1846

349 1589 420 1632 (qui
442 1588 531 1628 liber,
554 1587 588 1618 in
611 1599 671 1631 quo
694 1599 804 1619 novam
827 1587 910 1618 dedit
933 1588 1121 1619 Duentzerus
1152 1587 1244 1618 Persii
1267 1587 1435 1619 versionem
1449 1611 1459 1627 ‚
1482 1586 1545 1630 ipse

349 1654 411 1674 non
433 1642 535 1684 vidi);
560 1642 593 1673 in
616 1641 704 1673 Jahn.
729 1647 759 1673 et
783 1641 884 1673 Klotz.
910 1643 944 1673 N.
968 1641 1033 1672 lbh.
1058 1644 1092 1673 T.
1116 1642 1226 1683 XLIX,
1250 1654 1316 1686 pag.
1340 1644 1411 1673 218.

395 1699 425 1740 ²)
469 1700 548 1729 Haec
577 1697 670 1728 lectio
700 1695 738 1727 ab
761 1697 864 1727 lleinr.
886 1708 954 1739 pag.
979 1699 1029 1727 81.
1053 1697 1263 1728 commendata
1293 1695 1445 1735 occurrit,
1468 1700 1546 1726 teste

352 1752 467 1784 Hauth.
492 1751 513 1781 l.
537 1751 559 1781 l.
583 1762 650 1793 pag.
675 1751 736 1788 17,
759 1749 793 1779 in
816 1749 916 1779 tribus
939 1750 1124 1781 editionibus
1146 1762 1226 1782 anno
1246 1752 1332 1782 1500
1355 1748 1403 1779 vel
1426 1747 1547 1779 circiter

352 1805 526 1850 impressi53
549 1815 604 1847 ego
626 1802 730 1835 inveni
753 1803 786 1834 in
809 1803 881 1834 edit.
905 1804 997 1835 Bond.

394 1862 423 1902 θ)
468 1859 594 1891 Praebet
624 1859 717 1891 etiam
750 1857 829 1889 hanc
855 1858 1019 1891 lectionem
1057 1860 1152 1892 editio
1182 1872 1228 1903 pr.
1253 1858 1303 1900 (cf.
1328 1857 1440 1890 Hauth.
1464 1857 1485 1888 l.
1509 1857 1546 1898 l.)

350 1921 382 1946 et
419 1915 569 1946 seriorum
614 1913 766 1944 editorum
800 1913 920 1955 primus
953 1925 1020 1945 eam
1054 1914 1197 1957 recepisse
1231 1913 1351 1945 videtur
1384 1911 1546 1951 Pithoeus,

350 1980 443 2014 quem
476 1973 598 2000 secutus
632 1972 677 1999 est
709 1968 855 2008 Casaub.‚
886 1973 918 1999 et
940 1968 1049 2000 deinde
1078 1967 1228 2009 Farnab.‚
1262 1968 1365 2007 Reiz.‚
1396 1966 1545 2010 Koenig.‚

351 2023 510 2054 Achaintr.
524 2046 533 2061 ‚
556 2021 651 2053 Orell.
677 2040 719 2044 —
743 2024 849 2061 Quum
872 2029 978 2054 autem
1000 2025 1113 2053 Passov.
1136 2034 1204 2065 pag.
1228 2024 1311 2061 258,
1342 2023 1384 2052 E:
1399 2023 1433 2052 G.
1457 2020 1545 2052 Web.

352 2087 420 2120 pag.
435 2078 497 2115 30,
520 2073 634 2105 Hauth.
658 2073 728 2115 l.l.,
751 2076 853 2106 Herm.
878 2077 920 2115 ll,
945 2079 984 2108 12
1008 2081 1040 2106 et
1062 2075 1147 2107 Iahn.
1171 2076 1205 2106 in
1227 2087 1298 2106 ann.
1321 2075 1390 2106 erit.
1413 2075 1450 2106 ad
1472 2074 1503 2105 h.
1525 2074 1546 2105 l.

352 2130 465 2162 diserte
498 2128 622 2161 tradant
652 2135 817 2172 praeeunte
840 2129 963 2162 Pithoeo
985 2130 1060 2162 alios
1089 2130 1232 2173 recepisse
1263 2130 1366 2172 leges,
1390 2140 1472 2160 error
1494 2128 1549 2160 ha-

352 2184 470 2216 bendus
492 2189 537 2215 est
559 2183 639 2227 quod
662 2183 696 2213 in
719 2183 791 2214 edit.
816 2184 919 2215 Heinr.
944 2185 978 2215 in
1008 2195 1104 2227 marg.
1128 2195 1194 2227 pag.
1219 2187 1262 2215 18
1286 2184 1398 2225 leyen&
1420 2181 1548 2214 affertur

351 2250 386 2270 ex
410 2237 483 2269 edit.
507 2236 589 2268 Pith.
613 2237 696 2268 Licet
720 2238 823 2270 Heinr.
848 2237 898 2280 (cf.
922 2250 990 2282 pag.
1014 2239 1079 2279 81.)
1103 2238 1135 2269 id
1157 2249 1190 2269 re
1212 2249 1282 2269 vera
1305 2237 1338 2268 in
1353 2235 1426 2267 edit.
1442 2235 1548 2279 legisse

350 2291 498 2323 videatur.
544 2290 683 2324 Affertur
712 2292 843 2335 denique
877 2293 965 2336 leges
999 2305 1035 2325 ex
1061 2292 1123 2324 eod.
1156 2291 1245 2324 Goth.
1270 2292 1303 2324 in
1330 2304 1377 2324 vv.
1401 2291 1438 2327 ll.
1468 2292 1548 2337 apud

350 2346 454 2378 Heinr.
478 2345 641 2378 silentibus
663 2353 767 2379 tamen
791 2349 925 2381 Passovio
948 2354 979 2380 et
1002 2347 1122 2380 Iahnio.

396 2400 426 2442 ⁴)
472 2400 592 2431 Habent
625 2401 703 2434 hane
738 2403 900 2435 lectionem
933 2403 1026 2435 etiam
1064 2402 1157 2434 Bond.
1171 2427 1180 2443 ‚
1222 2404 1336 2435 Passov.
1369 2408 1401 2433 et
1434 2401 1548 2432 Hauth.

350 2458 460 2487 Errore
487 2456 704 2499 typographico
729 2458 780 2498 (ut
802 2464 926 2501 apparet
947 2469 982 2489 ex
1004 2458 1098 2501 ipsius
1120 2458 1287 2489 Hermanni
1311 2457 1440 2498 (111,5.)
1463 2455 1550 2487 testi·

351 2509 473 2549 monio,
508 2508 563 2539 ubi
586 2520 621 2540 ex
643 2509 706 2540 cod.
730 2510 829 2541 Guelf.
855 2514 887 2542 B.
911 2511 1002 2542 affert
1032 2511 1193 2550 coluerit,
1226 2520 1303 2554 quae
1325 2508 1416 2540 lectio
1438 2507 1548 2540 confir-

351 2568 456 2595 matur
478 2561 580 2594 Iahnii
607 2562 743 2604 silentio)
775 2562 864 2595 affert
894 2566 996 2596 Herm.
1027 2566 1076 2604 11,
1113 2566 1155 2595 12
1186 2574 1221 2595 ex
1244 2574 1278 2595 eo
1300 2562 1362 2595 eod.
1386 2563 1548 2595 collueris.
