1857 3113
665 577 1086 617 ANIMADVERSIONES

848 686 896 713 IN

399 783 543 834 AULI
575 785 784 837 PERSII
815 785 1038 836 FLAGGI
1070 783 1342 836 SATIRAS.

716 946 1031 979 -oeeeweeoe-

696 1084 746 1122 In
774 1084 1033 1136 Prologum.

331 1195 366 1231 1.
424 1192 508 1231 Nec
524 1192 645 1241 sonte
680 1192 796 1228 labra
836 1191 927 1241 cet.]
974 1191 1087 1229 Hunc
1116 1203 1289 1238 versum,
1320 1193 1359 1230 in
1389 1206 1465 1245 quo

273 1266 457 1304 maximus
478 1265 647 1302 omnium
668 1264 840 1302 codicum
874 1263 905 1315 1)
937 1271 992 1302 est
1019 1277 1240 1311 consensus,
1274 1279 1465 1319 quemque

274 1353 403 1378 omnes
439 1346 627 1391 quotquot
655 1339 760 1376 fuere
792 1338 978 1376 intactum
1011 1337 1248 1389 reliquerunt
1277 1340 1462 1393 interpre-

273 1423 345 1461 tes,
388 1414 603 1467 nuperrime
633 1412 845 1451 sollicitavit
874 1411 1096 1450 Hauthalius
1127 1412 1160 1462 2)
1189 1412 1334 1464 legens:
1378 1413 1462 1452 Nec

260 1490 381 1540 fonte
410 1489 547 1534 labra,
569 1486 677 1540 pro!
707 1487 767 1523 luz·
797 1486 1008 1525 caballino.
1068 1487 1179 1525 Putat
1208 1487 1388 1526 nimirum
1417 1501 1461 1527 ex

272 1576 342 1601 usu
369 1562 507 1601 latinae
536 1561 687 1612 linguae
717 1559 873 1597 verbum
892 1561 1085 1613 proluere
1113 1562 1239 1614 potius
1270 1563 1461 1614 requirere

260 1637 419 1687 fontem
448 1636 577 1672 labris
605 1648 719 1684 quam
737 1635 858 1684 fonte
887 1635 1017 1673 labra.
1063 1634 1137 1673 Sed
1168 1637 1331 1688 priorem
1358 1636 1463 1675 verbi

262 1710 457 1763 proluere
499 1707 816 1747 constructionem
860 1721 939 1745 non
981 1708 1075 1746 adeo
1118 1709 1307 1746 insolitam
1354 1724 1460 1756 esse,

271 1785 408 1823 docent
436 1782 607 1836 exempla
634 1796 729 1834 quae
761 1782 864 1821 dedit
892 1782 1095 1834 Koenigius
1126 1784 1176 1833 3).
1215 1784 1336 1821 Immo
1354 1797 1458 1836 pro-

272 1860 381 1896 luere
405 1866 480 1895 tam
511 1858 596 1894 usui
625 1870 738 1907 quam
768 1857 891 1892 sensui
919 1857 1202 1893 convenientius
1233 1870 1345 1906 quam
1370 1858 1459 1895 sirn-

269 1932 356 1985 plex
400 1933 533 1976 luere,
575 1942 692 1980 quum
733 1929 953 1981 praesertim
997 1930 1155 1967 usitatae
1200 1930 1311 1968 huius
1353 1930 1458 1969 verbi

270 2004 576 2057 significationes,
606 2004 780 2048 solvere,
800 2004 1054 2055 persolvere,
1075 2003 1226 2042 hicnon
1256 2005 1456 2056 quadrent.

314 2138 342 2178 ¹)
387 2139 430 2168 Ex
454 2136 571 2169 duobus
604 2144 729 2170 tantum
761 2137 843 2169 codd.
877 2138 1004 2168 Monacc.
1029 2138 1071 2177 (M
1094 2140 1124 2168 1.
1148 2140 1194 2179 3.)
1217 2137 1343 2169 Iahnius
1371 2138 1461 2170 affert

265 2192 446 2234 qabalh'no.
469 2192 613 2224 Hauthal.
649 2194 682 2224 in
706 2192 777 2224 edit.
801 2193 862 2223 Sat.
885 2193 909 2222 Ι.
934 2190 1005 2221 edit.
1028 2196 1060 2221 et
1082 2192 1188 2234 castig.
1211 2192 1248 2222 ad
1271 2194 1354 2223 XXX
1373 2193 1459 2224 editt.

267 2246 515 2288 antiquissimam,
538 2248 616 2290 Lips.
641 2250 726 2279 1833
740 2270 749 2286 ‚
773 2258 839 2289 pag.
865 2249 905 2284 3,
927 2245 1017 2277 affert
1040 2256 1075 2276 ex
1099 2246 1171 2277 edit.
1194 2246 1310 2278 Mediol.
1333 2258 1359 2279 a.
1373 2249 1458 2278 1476

262 2298 386 2340 fronte.
432 2301 475 2330 De
497 2300 560 2330 cod.
585 2301 664 2332 Leid.
688 2313 757 2332 mox
781 2299 958 2331 videbimus.

312 2354 341 2395 ²)
385 2355 422 2384 In
445 2355 518 2384 Mus.
542 2354 639 2385 Rhen.
663 2356 734 2385 Nov.
758 2356 819 2384 Ser.
834 2376 843 2393 ‚
867 2356 893 2385 V
916 2355 1054 2395 (1847),
1077 2365 1144 2397 pag.
1169 2356 1243 2386 636.

313 2406 341 2449 ³)
387 2409 423 2439 In
446 2408 667 2440 Commentario
689 2414 834 2451 perpetuo
856 2407 889 2438 in
912 2410 946 2438 A.
971 2409 1049 2439 Pers.
1073 2410 1105 2439 F.
1129 2409 1240 2439 Satiras
1263 2410 1317 2449 Vl,
1340 2420 1406 2452 pag.
1427 2412 1458 2441 5.

267 2461 376 2504 Virgil.
388 2464 463 2494 Aen.
487 2466 521 2504 1,
547 2466 631 2505 7383
655 2465 723 2507 Cop.
748 2465 810 2503 293
833 2464 935 2494 Horat.
958 2464 1020 2494 Sat.
1044 2465 1080 2503 1,
1104 2466 1144 2503 5,
1168 2466 1234 2503 163
1257 2463 1368 2507 quibus
1389 2464 1459 2496 addi

226 2556 229 2558 ι
266 2521 391 2558 possunt
412 2518 482 2549 Hor.
506 2520 569 2552 Sat.
592 2522 642 2561 ΙΙ,
666 2521 709 2560 4,
734 2521 778 2551 27
799 2524 831 2551 et
852 2520 930 2550 Stat.
954 2517 1048 2550 Theb.
1071 2520 1163 2560 vm,
1188 2520 1269 2558 712,
1293 2529 1335 2561 sq.
