1857 3113
874 249 920 284 17

349 359 363 387 1
376 381 386 398 ,
408 359 460 389 29.
482 360 593 389 Sensus
611 356 663 387 hic
680 360 734 387 est.
758 355 838 386 Num
856 352 932 398 quid
943 364 998 397 pro
1008 351 1125 384 nichilo
1135 350 1225 383 duces
1236 354 1268 382 te
1284 349 1374 382 fuisse
1385 349 1499 381 dictata

346 427 472 453 centum
493 421 678 451 cirratorum
699 419 721 450 i.
744 430 770 450 e.
793 417 875 462 quod
893 423 1019 449 centum
1041 416 1148 449 cirrati
1170 415 1207 447 de
1230 420 1262 446 te
1284 413 1498 458 loquebantur.

346 488 434 518 Certe
455 486 545 517 letari
567 484 654 516 debes
676 484 749 527 quia
772 483 905 515 maxima
927 483 1024 526 gloria
1046 488 1091 514 est
1113 494 1131 514 a
1153 487 1279 513 centum
1300 478 1420 511 laudari
1440 478 1499 510 cir·

348 552 423 583 ratis
445 551 465 581 i.
488 562 514 581 e.
537 544 708 581 scolasticis.
754 547 846 591 Apud
867 547 1009 590 antiquos
1031 548 1115 579 enim
1137 546 1243 578 criniti
1266 550 1353 576 erant
1376 544 1500 574 iuvenes

348 618 511 658 (suprascr.
534 616 587 646 vel
608 599 846 655 adolescentes)
865 624 961 657 usque
980 612 1018 644 ad
1036 617 1152 644 certam
1170 615 1302 642 aetatem
1321 614 1352 640 et
1372 608 1410 640 ab
1429 608 1502 651 ipsis

346 680 484 712 crinibus
504 680 610 711 cirrati
632 678 820 710 dicebantur.
844 679 922 710 Cirri
943 678 1028 710 enim
1051 677 1199 708 dicuntur
1221 675 1325 718 capilli
1345 673 1392 705 vel
1406 674 1502 705 etiam

347 744 470 776 cirratis
508 744 622 775 cinedis
652 744 726 787 quia
755 755 859 775 omnes
888 742 988 775 cinedi
1018 741 1124 772 cirrati
1151 746 1247 771 erant.
1293 742 1369 771 Nam
1402 738 1503 769 ciuedi

349 813 425 840 sunt
447 808 535 851 pueri
558 813 697 840 veterum
719 807 773 852 qui
795 806 950 838 habehant
971 806 1063 837 cirros
1085 805 1107 836 i.
1131 815 1156 836 e.
1180 804 1278 835 crines
1300 803 1334 833 in
1357 801 1503 833 honorem

351 872 470 903 veneris
492 877 684 904 consecratos.
728 874 795 912 Quo
825 873 921 914 (quos
929 871 963 913 ?)
994 875 1110 902 statuto
1132 874 1269 912 tempore
1291 866 1449 898 metebant
1472 872 1504 897 et

351 937 418 979 igni
440 937 511 968 deae
541 937 657 969 veneris
679 937 900 968 consecrabant.
946 937 1068 967 Constat
1089 940 1194 967 autem
1216 933 1355 965 multum
1377 931 1503 963 dictasse

349 1000 478 1032 cinedos.
516 1001 641 1033 Occulte
669 1013 737 1034 vero
759 1001 856 1046 carpit
878 1011 1022 1033 nemnem
1044 999 1131 1032 cuius
1152 998 1287 1031 carmina
1309 995 1501 1029 celebraban-

351 1070 406 1096 tur
428 1076 481 1107 per
503 1065 603 1097 scolas.

352 1130 399 1168 11,
425 1130 474 1160 70.
498 1130 620 1161 Puellae
638 1129 759 1172 quando
777 1129 993 1172 devirginande
1013 1133 1100 1160 erant
1117 1127 1268 1159 faciebant
1283 1138 1373 1170 popas
1391 1132 1423 1157 et
1443 1131 1503 1156 sta-

352 1193 493 1223 tunculas
521 1193 667 1235 quasdam
694 1205 730 1224 ex
761 1193 896 1225 vestibus
927 1192 1020 1225 factas
1052 1203 1130 1236 quas
1151 1191 1321 1224 offerebant
1342 1191 1446 1222 veneri
1469 1196 1505 1221 ut

349 1257 394 1289 eis
416 1258 615 1289 auxiliaretur
637 1259 671 1289 iu
693 1258 750 1290 illo
771 1258 957 1290 discrimine.

355 1325 422 1363 111,
444 1325 497 1355 29.
521 1325 659 1355 Censores
670 1323 850 1355 dicebantur
862 1324 917 1367 qui
930 1334 1025 1355 mores
1037 1328 1210 1355 senatorum
1232 1321 1411 1360 censebant,
1435 1320 1455 1350 i.
1479 1330 1504 1350 e.

353 1386 529 1419 iudicabant
550 1393 583 1419 et
605 1387 748 1432 quosdam
769 1399 787 1419 a
805 1393 913 1420 senatu
923 1394 1047 1432 propter
1064 1398 1187 1419 morum
1206 1387 1280 1417 vitia
1298 1384 1504 1428 repellebant3

354 1464 415 1484 uon
445 1454 598 1495 inproprie
620 1459 714 1484 tuum
736 1454 786 1484 sed
808 1453 845 1485 ad
868 1458 988 1484 certum
1011 1458 1140 1495 tempuS.
1186 1452 1343 1482 Censorem
1366 1460 1436 1492 ergo
1458 1448 1505 1479 di-

353 1517 399 1548 cit
421 1517 604 1559 magistrum
618 1540 628 1556 ,
650 1517 698 1548 vel
720 1517 875 1548 consulem
897 1523 929 1547 et
951 1516 1094 1547 iudicem.

353 1583 418 1621 ΙΙΙ,
443 1584 494 1612 84.
518 1581 659 1623 Epicurei
682 1582 790 1613 dicunt
812 1581 967 1613 mundum
989 1593 1051 1613 non
1070 1581 1107 1612 de
1125 1580 1247 1620 nihilo,
1266 1579 1317 1611 sed
1327 1579 1364 1611 de
1374 1578 1506 1610 athomis

352 1651 492 1676 creatum
521 1656 591 1676 esse.
636 1646 765 1689 Ideoque
795 1657 856 1677 non
884 1646 919 1676 in
947 1645 1087 1676 nihilum
1120 1656 1203 1688 posse
1231 1644 1341 1676 resolvi
1364 1644 1415 1676 sed
1437 1656 1507 1675 rur-

359 1720 429 1740 sum
462 1709 496 1740 in
527 1709 668 1741 athomis.
712 1711 827 1741 Dicunt
848 1710 933 1742 enim
954 1710 1014 1742 duo
1036 1722 1141 1742 rerum
1164 1722 1224 1742 csse
1246 1710 1412 1753 principia,
1442 1722 1507 1742 cor-

353 1785 411 1817 pus
432 1780 463 1806 et
493 1774 591 1806 inane.
637 1776 735 1806 Omne
766 1787 898 1820 namque
927 1775 1008 1820 quod
1037 1781 1105 1816 est,
1140 1781 1194 1807 aut
1217 1776 1416 1815 continetur,
1450 1781 1506 1806 aut

354 1839 500 1869 continet.
536 1841 575 1869 Et
598 1850 705 1881 corpus
728 1839 838 1870 volunt
860 1850 921 1869 esse
942 1825 1079 1870 athomos
1100 1840 1121 1870 i.
1145 1851 1170 1870 e.
1193 1840 1337 1882 quasdam
1361 1839 1505 1870 minutis-

353 1902 443 1933 simas
472 1902 637 1945 particulas
669 1913 747 1945 quae
780 1901 923 1934 thomum
957 1903 978 1934 i.
1000 1914 1026 1934 e.
1058 1903 1221 1934 sectionem
1245 1914 1307 1934 non
1340 1903 1503 1947 recipiunt.

356 1966 439 1998 Unde
461 1966 578 1997 athomi
607 1972 680 1997 sunt
708 1967 783 1997 dicti
816 1978 891 2010 quas
913 1967 1059 1998 lucretius
1082 1968 1403 1999 minutissimas-dixit
1424 1979 1504 2007 esse,

354 2032 419 2065 illis
441 2031 612 2076 corporibus
635 2044 711 2076 quae
745 2031 854 2064 infusis
884 2044 938 2077 per
960 2031 1124 2065 fenestram
1152 2032 1244 2065 radiis
1266 2032 1337 2064 solis
1359 2032 1506 2064 videmus.

354 2101 447 2130 Inane
470 2109 538 2129 vero
559 2097 668 2129 dicunt
689 2097 824 2140 spatium
847 2097 880 2128 in
903 2109 964 2141 quo
984 2103 1059 2129 sunt
1082 2100 1183 2139 (sunt)
1205 2098 1332 2129 athomi.
1375 2101 1418 2129 De
1437 2098 1506 2141 qui-

354 2162 410 2194 bus
440 2162 556 2194 duobus
588 2163 756 2206 participiis
789 2163 979 2204 (principiis
987 2164 1019 2204 ?)
1053 2162 1164 2194 volunt
1197 2163 1347 2207 procreari
1380 2163 1504 2205 ignem,

353 2229 455 2258 ae'rcm
477 2233 589 2258 terram
612 2234 644 2259 et
667 2240 778 2271 aquam
800 2233 832 2259 et
853 2239 889 2258 ex
911 2227 959 2258 his
980 2233 1089 2259 cetera.
1136 2229 1226 2260 Varia
1244 2234 1290 2260 cst
1312 2229 1414 2271 opinio
1436 2229 1504 2271 phi-

356 2290 552 2334 losophorum
574 2292 611 2324 de
633 2293 783 2325 creatione
804 2292 922 2325 mundi.
957 2293 1090 2333 Quidam
1119 2292 1229 2325 dicunt
1251 2305 1286 2325 ex
1309 2293 1380 2337 igne
1403 2294 1505 2326 omnia

352 2362 497 2388 constare.
542 2357 606 2388 Alii
628 2368 663 2388 ex
685 2356 814 2388 humore
836 2356 908 2389 Tale
937 2358 1083 2390 milesius.
1128 2359 1277 2392 Nonnulli
1300 2371 1335 2391 ex
1358 2366 1504 2404 quattuor

493 2477 570 2507 Haec
593 2475 721 2519 spatiosa
743 2476 791 2507 via
814 2482 859 2508 est
872 2501 881 2517 ,
904 2489 980 2521 quae
1003 2478 1110 2509 mortis
1133 2478 1220 2510 ducit
1242 2479 1280 2511 ad
1302 2479 1364 2511 ima
1377 2504 1385 2520 ,

496 2531 573 2562 Arta
595 2530 644 2562 via
665 2536 711 2562 est
733 2542 819 2563 verae
841 2544 920 2577 quae
943 2532 1031 2565 ducit
1053 2533 1090 2565 ad
1113 2534 1190 2565 atria
1212 2534 1302 2565 vitae.

1322 2602 1344 2637 2
