<?xml version="1.0" encoding="UTF-8"?>
<!DOCTYPE html PUBLIC "-//W3C//DTD XHTML 1.0 Transitional//EN"
    "http://www.w3.org/TR/xhtml1/DTD/xhtml1-transitional.dtd">
<html xmlns="http://www.w3.org/1999/xhtml" xml:lang="en" lang="en">
 <head>
  <title>
</title>
<meta http-equiv="Content-Type" content="text/html;charset=utf-8" />
  <meta name='ocr-system' content='tesseract 3.04.00' />
  <meta name='ocr-capabilities' content='ocr_page ocr_carea ocr_par ocr_line ocrx_word'/>
</head>
<body>
  <div class='ocr_page' id='page_1' title='image "./4627210_0046.png"; bbox 0 0 1857 3113; ppageno 0'>
   <div class='ocr_carea' id='block_1_1' title="bbox 904 314 952 350">
    <p class='ocr_par' dir='ltr' id='par_1_1' title="bbox 904 314 952 350">
     <span class='ocr_line' id='line_1_1' title="bbox 904 314 952 350; baseline -0.021 0"><span class='ocrx_word' id='word_1_1' title='bbox 904 314 952 350; x_wconf 87' lang='lat'>26</span> 
     </span>
    </p>
   </div>
   <div class='ocr_carea' id='block_1_2' title="bbox 317 417 1538 2555">
    <p class='ocr_par' dir='ltr' id='par_1_2' title="bbox 317 417 1538 2555">
     <span class='ocr_line' id='line_1_2' title="bbox 325 417 1526 472; baseline -0.001 -15"><span class='ocrx_word' id='word_1_2' title='bbox 325 419 499 472; x_wconf 81' lang='lat' dir='ltr'>Magni,</span> <span class='ocrx_word' id='word_1_3' title='bbox 537 427 579 457; x_wconf 88' lang='lat' dir='ltr'>ut</span> <span class='ocrx_word' id='word_1_4' title='bbox 611 433 654 458; x_wconf 81' lang='lat' dir='ltr'>ex</span> <span class='ocrx_word' id='word_1_5' title='bbox 684 421 753 467; x_wconf 86' lang='lat' dir='ltr'>iis,</span> <span class='ocrx_word' id='word_1_6' title='bbox 797 432 895 471; x_wconf 88' lang='lat' dir='ltr'>quae</span> <span class='ocrx_word' id='word_1_7' title='bbox 940 419 1125 457; x_wconf 86' lang='lat' dir='ltr'><strong>recentior</strong></span> <span class='ocrx_word' id='word_1_8' title='bbox 1153 432 1285 457; x_wconf 88' lang='lat' dir='ltr'>manus</span> <span class='ocrx_word' id='word_1_9' title='bbox 1313 417 1358 456; x_wconf 91' lang='lat' dir='ltr'>ad</span> <span class='ocrx_word' id='word_1_10' title='bbox 1387 418 1526 471; x_wconf 87' lang='lat' dir='ltr'>margi-</span> 
     </span>
     <span class='ocr_line' id='line_1_3' title="bbox 326 492 1527 545; baseline -0.001 -15"><span class='ocrx_word' id='word_1_11' title='bbox 326 506 412 531; x_wconf 90' lang='lat' dir='ltr'>nem</span> <span class='ocrx_word' id='word_1_12' title='bbox 444 495 667 540; x_wconf 88' lang='lat' dir='ltr'>annotavit,</span> <span class='ocrx_word' id='word_1_13' title='bbox 697 494 790 532; x_wconf 88' lang='lat' dir='ltr'>mihi</span> <span class='ocrx_word' id='word_1_14' title='bbox 830 494 1009 532; x_wconf 89' lang='lat' dir='ltr'>innotuit.</span> <span class='ocrx_word' id='word_1_15' title='bbox 1070 493 1246 545; x_wconf 88' lang='lat' dir='ltr'>Magnam</span> <span class='ocrx_word' id='word_1_16' title='bbox 1275 500 1419 545; x_wconf 87' lang='lat' dir='ltr'>partem</span> <span class='ocrx_word' id='word_1_17' title='bbox 1450 492 1527 543; x_wconf 87' lang='lat' dir='ltr'>agit</span> 
     </span>
     <span class='ocr_line' id='line_1_4' title="bbox 325 566 1527 621; baseline -0.003 -14"><span class='ocrx_word' id='word_1_18' title='bbox 325 568 378 607; x_wconf 89' lang='lat' dir='ltr'>de</span> <span class='ocrx_word' id='word_1_19' title='bbox 417 568 771 621; x_wconf 80' lang='lat' dir='ltr'>congregatione</span> <span class='ocrx_word' id='word_1_20' title='bbox 805 568 994 606; x_wconf 91' lang='lat' dir='ltr'>concilii</span> <span class='ocrx_word' id='word_1_21' title='bbox 1023 567 1270 620; x_wconf 86' lang='lat' dir='ltr'>generalis,</span> <span class='ocrx_word' id='word_1_22' title='bbox 1314 566 1527 619; x_wconf 86' lang='lat' dir='ltr'>qualiter</span> 
     </span>
     <span class='ocr_line' id='line_1_5' title="bbox 326 641 1527 697; baseline -0.002 -15"><span class='ocrx_word' id='word_1_23' title='bbox 326 652 394 683; x_wconf 90' lang='lat' dir='ltr'>est</span> <span class='ocrx_word' id='word_1_24' title='bbox 436 645 480 681; x_wconf 94' lang='lat' dir='ltr'>in</span> <span class='ocrx_word' id='word_1_25' title='bbox 523 658 571 682; x_wconf 91' lang='lat' dir='ltr'>ea</span> <span class='ocrx_word' id='word_1_26' title='bbox 610 643 961 697; x_wconf 87' lang='lat' dir='ltr'>procedendum.</span> <span class='ocrx_word' id='word_1_27' title='bbox 1035 643 1176 682; x_wconf 91' lang='lat' dir='ltr'>Passim</span> <span class='ocrx_word' id='word_1_28' title='bbox 1218 643 1257 681; x_wconf 91' lang='lat' dir='ltr'>in</span> <span class='ocrx_word' id='word_1_29' title='bbox 1296 641 1527 695; x_wconf 77' lang='lat' dir='ltr'>marginibus</span> 
     </span>
     <span class='ocr_line' id='line_1_6' title="bbox 326 716 1527 770; baseline -0.002 -14"><span class='ocrx_word' id='word_1_30' title='bbox 326 719 550 757; x_wconf 88' lang='lat' dir='ltr'>clericorum</span> <span class='ocrx_word' id='word_1_31' title='bbox 580 718 760 770; x_wconf 81' lang='lat' dir='ltr'>imagines</span> <span class='ocrx_word' id='word_1_32' title='bbox 791 718 937 755; x_wconf 89' lang='lat' dir='ltr'>calamo</span> <span class='ocrx_word' id='word_1_33' title='bbox 959 717 1151 770; x_wconf 89' lang='lat' dir='ltr'>appositae</span> <span class='ocrx_word' id='word_1_34' title='bbox 1170 724 1269 756; x_wconf 88' lang='lat' dir='ltr'>sunt.</span> <span class='ocrx_word' id='word_1_35' title='bbox 1301 717 1371 755; x_wconf 83' lang='grc' dir='ltr'><strong>ΙΙΙ.</strong></span> <span class='ocrx_word' id='word_1_36' title='bbox 1420 716 1527 755; x_wconf 87' lang='lat' dir='ltr'>Unus</span> 
     </span>
     <span class='ocr_line' id='line_1_7' title="bbox 327 792 1525 846; baseline -0.002 -13"><span class='ocrx_word' id='word_1_37' title='bbox 327 803 383 833; x_wconf 85' lang='lat' dir='ltr'>est</span> <span class='ocrx_word' id='word_1_38' title='bbox 412 794 613 846; x_wconf 81' lang='lat' dir='ltr'>quaternio</span> <span class='ocrx_word' id='word_1_39' title='bbox 642 794 898 846; x_wconf 89' lang='lat' dir='ltr'>complectens</span> <span class='ocrx_word' id='word_1_40' title='bbox 922 801 1124 832; x_wconf 89' lang='lat' dir='ltr'>tractatum</span> <span class='ocrx_word' id='word_1_41' title='bbox 1154 794 1232 832; x_wconf 87' lang='lat' dir='ltr'>sine</span> <span class='ocrx_word' id='word_1_42' title='bbox 1261 792 1525 846; x_wconf 85' lang='lat' dir='ltr'>inscriptione,</span> 
     </span>
     <span class='ocr_line' id='line_1_8' title="bbox 328 867 1528 920; baseline 0.001 -16"><span class='ocrx_word' id='word_1_43' title='bbox 328 867 505 905; x_wconf 90' lang='lat' dir='ltr'>monachi</span> <span class='ocrx_word' id='word_1_44' title='bbox 523 897 533 913; x_wconf 91' lang='lat'><strong><em>,</em></strong></span> <span class='ocrx_word' id='word_1_45' title='bbox 564 869 666 905; x_wconf 87' lang='lat' dir='ltr'>testis</span> <span class='ocrx_word' id='word_1_46' title='bbox 697 868 864 914; x_wconf 87' lang='lat' dir='ltr'>oculati,</span> <span class='ocrx_word' id='word_1_47' title='bbox 895 875 937 906; x_wconf 92' lang='lat' dir='ltr'>ut</span> <span class='ocrx_word' id='word_1_48' title='bbox 966 868 1141 914; x_wconf 79' lang='lat' dir='ltr'>videtur,</span> <span class='ocrx_word' id='word_1_49' title='bbox 1173 868 1219 906; x_wconf 91' lang='lat' dir='ltr'>de</span> <span class='ocrx_word' id='word_1_50' title='bbox 1247 868 1528 920; x_wconf 80' lang='lat' dir='ltr'>oppugnatione</span> 
     </span>
     <span class='ocr_line' id='line_1_9' title="bbox 327 941 1528 995; baseline -0.001 -16"><span class='ocrx_word' id='word_1_51' title='bbox 327 941 570 980; x_wconf 89' lang='lat' dir='ltr'>Damiatae.</span> <span class='ocrx_word' id='word_1_52' title='bbox 631 941 862 979; x_wconf 86' lang='lat' dir='ltr'>Nitidissime</span> <span class='ocrx_word' id='word_1_53' title='bbox 905 942 1064 995; x_wconf 82' lang='lat' dir='ltr'>scriptus</span> <span class='ocrx_word' id='word_1_54' title='bbox 1106 949 1160 980; x_wconf 90' lang='lat' dir='ltr'>est</span> <span class='ocrx_word' id='word_1_55' title='bbox 1189 949 1226 980; x_wconf 88' lang='lat' dir='ltr'>et</span> <span class='ocrx_word' id='word_1_56' title='bbox 1254 942 1422 993; x_wconf 85' lang='lat' dir='ltr'>singulae</span> <span class='ocrx_word' id='word_1_57' title='bbox 1460 954 1528 993; x_wconf 85' lang='lat' dir='ltr'>pa-</span> 
     </span>
     <span class='ocr_line' id='line_1_10' title="bbox 324 1014 1527 1067; baseline 0.001 -16"><span class='ocrx_word' id='word_1_58' title='bbox 324 1014 432 1066; x_wconf 86' lang='lat' dir='ltr'>ginae</span> <span class='ocrx_word' id='word_1_59' title='bbox 461 1014 499 1051; x_wconf 91' lang='lat' dir='ltr'>in</span> <span class='ocrx_word' id='word_1_60' title='bbox 540 1014 632 1050; x_wconf 86' lang='lat' dir='ltr'>duas</span> <span class='ocrx_word' id='word_1_61' title='bbox 660 1021 784 1064; x_wconf 87' lang='lat' dir='ltr'>partes</span> <span class='ocrx_word' id='word_1_62' title='bbox 826 1014 965 1051; x_wconf 82' lang='lat' dir='ltr'>divisae</span> <span class='ocrx_word' id='word_1_63' title='bbox 1003 1023 1103 1052; x_wconf 90' lang='lat' dir='ltr'>sunt.</span> <span class='ocrx_word' id='word_1_64' title='bbox 1161 1015 1301 1067; x_wconf 81' lang='lat' dir='ltr'>Incipit</span> <span class='ocrx_word' id='word_1_65' title='bbox 1329 1017 1405 1053; x_wconf 89' lang='lat' dir='ltr'>sic:</span> <span class='ocrx_word' id='word_1_66' title='bbox 1442 1015 1527 1052; x_wconf 79' lang='lat' dir='ltr'>Ho-</span> 
     </span>
     <span class='ocr_line' id='line_1_11' title="bbox 326 1087 1526 1142; baseline 0 -15"><span class='ocrx_word' id='word_1_67' title='bbox 326 1088 573 1127; x_wconf 82' lang='lat' dir='ltr'>norabilibus</span> <span class='ocrx_word' id='word_1_68' title='bbox 602 1087 776 1125; x_wconf 85' lang='lat' dir='ltr'>dominis</span> <span class='ocrx_word' id='word_1_69' title='bbox 810 1090 898 1125; x_wconf 84' lang='lat' dir='ltr'>suis</span> <span class='ocrx_word' id='word_1_70' title='bbox 934 1087 1167 1141; x_wconf 79' lang='lat' dir='ltr'>Elgelberto</span> <span class='ocrx_word' id='word_1_71' title='bbox 1196 1090 1415 1127; x_wconf 86' lang='lat' dir='ltr'>coloniensi</span> <span class='ocrx_word' id='word_1_72' title='bbox 1441 1092 1526 1142; x_wconf 81' lang='lat' dir='ltr'>epi-</span> 
     </span>
     <span class='ocr_line' id='line_1_12' title="bbox 327 1165 1529 1217; baseline 0.001 -16"><span class='ocrx_word' id='word_1_73' title='bbox 327 1177 444 1217; x_wconf 80' lang='lat' dir='ltr'>scopo</span> <span class='ocrx_word' id='word_1_74' title='bbox 482 1165 633 1200; x_wconf 87' lang='lat' dir='ltr'>maiori</span> <span class='ocrx_word' id='word_1_75' title='bbox 665 1166 892 1216; x_wconf 76' lang='lat' dir='ltr'>preposito.</span> <span class='ocrx_word' id='word_1_76' title='bbox 934 1167 1083 1201; x_wconf 85' lang='lat' dir='ltr'>maiori</span> <span class='ocrx_word' id='word_1_77' title='bbox 1111 1165 1274 1203; x_wconf 81' lang='lat' dir='ltr'>decano.</span> <span class='ocrx_word' id='word_1_78' title='bbox 1306 1168 1529 1216; x_wconf 84' lang='lat' dir='ltr'>ceterisque</span> 
     </span>
     <span class='ocr_line' id='line_1_13' title="bbox 319 1237 1528 1293; baseline 0.002 -17"><span class='ocrx_word' id='word_1_79' title='bbox 319 1238 547 1291; x_wconf 77' lang='lat' dir='ltr'>prioribus.</span> <span class='ocrx_word' id='word_1_80' title='bbox 579 1240 730 1290; x_wconf 84' lang='lat' dir='ltr'>totique</span> <span class='ocrx_word' id='word_1_81' title='bbox 749 1239 867 1278; x_wconf 81' lang='lat' dir='ltr'>clero.</span> <span class='ocrx_word' id='word_1_82' title='bbox 905 1237 1092 1277; x_wconf 87' lang='lat' dir='ltr'>Oliverus</span> <span class='ocrx_word' id='word_1_83' title='bbox 1111 1246 1369 1293; x_wconf 78' lang='lat' dir='ltr'>peccatorum</span> <span class='ocrx_word' id='word_1_84' title='bbox 1388 1253 1528 1278; x_wconf 86' lang='lat' dir='ltr'>servus</span> 
     </span>
     <span class='ocr_line' id='line_1_14' title="bbox 328 1313 1538 1368; baseline 0.002 -19"><span class='ocrx_word' id='word_1_85' title='bbox 328 1315 538 1365; x_wconf 81' lang='lat' dir='ltr'>emptitius</span> <span class='ocrx_word' id='word_1_86' title='bbox 566 1315 700 1350; x_wconf 85' lang='lat' dir='ltr'>crucis</span> <span class='ocrx_word' id='word_1_87' title='bbox 728 1313 863 1350; x_wconf 84' lang='lat' dir='ltr'>dictus</span> <span class='ocrx_word' id='word_1_88' title='bbox 892 1315 1144 1352; x_wconf 87' lang='lat' dir='ltr'>coloniensis.</span> <span class='ocrx_word' id='word_1_89' title='bbox 1170 1316 1423 1352; x_wconf 75' lang='lat' dir='ltr'>scolasticus.</span> <span class='ocrx_word' id='word_1_90' title='bbox 1447 1328 1538 1368; x_wconf 81' lang='lat' dir='ltr'>per-</span> 
     </span>
     <span class='ocr_line' id='line_1_15' title="bbox 327 1386 1529 1426; baseline 0.001 -2"><span class='ocrx_word' id='word_1_91' title='bbox 327 1388 435 1425; x_wconf 85' lang='lat' dir='ltr'>viam</span> <span class='ocrx_word' id='word_1_92' title='bbox 478 1387 629 1424; x_wconf 85' lang='lat' dir='ltr'>salutis</span> <span class='ocrx_word' id='word_1_93' title='bbox 667 1386 727 1424; x_wconf 87' lang='lat' dir='ltr'>ad</span> <span class='ocrx_word' id='word_1_94' title='bbox 764 1392 955 1426; x_wconf 81' lang='lat' dir='ltr'>aeternae</span> <span class='ocrx_word' id='word_1_95' title='bbox 994 1387 1261 1425; x_wconf 79' lang='lat' dir='ltr'>beatitudinis</span> <span class='ocrx_word' id='word_1_96' title='bbox 1288 1389 1529 1425; x_wconf 84' lang='lat' dir='ltr'>consortium</span> 
     </span>
     <span class='ocr_line' id='line_1_16' title="bbox 317 1461 1528 1514; baseline 0.002 -16"><span class='ocrx_word' id='word_1_97' title='bbox 317 1463 507 1513; x_wconf 83' lang='lat' dir='ltr'>feliciter</span> <span class='ocrx_word' id='word_1_98' title='bbox 525 1464 758 1513; x_wconf 80' lang='lat' dir='ltr'>pervenire.</span> <span class='ocrx_word' id='word_1_99' title='bbox 820 1461 998 1514; x_wconf 79' lang='lat' dir='ltr'>Sapiens</span> <span class='ocrx_word' id='word_1_100' title='bbox 1021 1463 1140 1500; x_wconf 86' lang='lat' dir='ltr'>corde</span> <span class='ocrx_word' id='word_1_101' title='bbox 1158 1468 1197 1500; x_wconf 86' lang='lat' dir='ltr'>et</span> <span class='ocrx_word' id='word_1_102' title='bbox 1212 1465 1349 1514; x_wconf 84' lang='lat' dir='ltr'>fortis</span> <span class='ocrx_word' id='word_1_103' title='bbox 1376 1464 1528 1509; x_wconf 84' lang='lat' dir='ltr'>robore,</span> 
     </span>
     <span class='ocr_line' id='line_1_17' title="bbox 326 1536 1530 1589; baseline 0 -15"><span class='ocrx_word' id='word_1_104' title='bbox 326 1538 399 1589; x_wconf 83' lang='lat' dir='ltr'>qui</span> <span class='ocrx_word' id='word_1_105' title='bbox 414 1537 529 1588; x_wconf 83' lang='lat' dir='ltr'>facit</span> <span class='ocrx_word' id='word_1_106' title='bbox 557 1548 706 1588; x_wconf 80' lang='lat' dir='ltr'>magna</span> <span class='ocrx_word' id='word_1_107' title='bbox 735 1540 773 1572; x_wconf 82' lang='lat' dir='ltr'>et</span> <span class='ocrx_word' id='word_1_108' title='bbox 801 1536 1090 1574; x_wconf 85' lang='lat' dir='ltr'>inscrutabilia</span> <span class='ocrx_word' id='word_1_109' title='bbox 1120 1542 1159 1574; x_wconf 81' lang='lat' dir='ltr'>et</span> <span class='ocrx_word' id='word_1_110' title='bbox 1196 1537 1405 1574; x_wconf 83' lang='lat' dir='ltr'>mirabilia</span> <span class='ocrx_word' id='word_1_111' title='bbox 1434 1550 1530 1589; x_wconf 83' lang='lat' dir='ltr'>quo-</span> 
     </span>
     <span class='ocr_line' id='line_1_18' title="bbox 326 1612 1530 1664; baseline 0.003 -18"><span class='ocrx_word' id='word_1_112' title='bbox 326 1624 416 1647; x_wconf 85' lang='lat' dir='ltr'>rum</span> <span class='ocrx_word' id='word_1_113' title='bbox 445 1623 523 1647; x_wconf 89' lang='lat' dir='ltr'>non</span> <span class='ocrx_word' id='word_1_114' title='bbox 551 1614 614 1646; x_wconf 81' lang='lat' dir='ltr'>est</span> <span class='ocrx_word' id='word_1_115' title='bbox 654 1623 855 1648; x_wconf 86' lang='lat' dir='ltr'>numerus.</span> <span class='ocrx_word' id='word_1_116' title='bbox 900 1613 973 1662; x_wconf 83' lang='lat' dir='ltr'>qui</span> <span class='ocrx_word' id='word_1_117' title='bbox 1021 1612 1198 1649; x_wconf 76' lang='lat' dir='ltr'>excelsos</span> <span class='ocrx_word' id='word_1_118' title='bbox 1241 1613 1413 1650; x_wconf 86' lang='lat' dir='ltr'>iudicat.</span> <span class='ocrx_word' id='word_1_119' title='bbox 1457 1614 1530 1664; x_wconf 77' lang='lat' dir='ltr'>qui</span> 
     </span>
     <span class='ocr_line' id='line_1_19' title="bbox 321 1684 1529 1737; baseline 0.001 -16"><span class='ocrx_word' id='word_1_120' title='bbox 321 1686 443 1737; x_wconf 78' lang='lat' dir='ltr'>ponit</span> <span class='ocrx_word' id='word_1_121' title='bbox 471 1684 642 1721; x_wconf 73' lang='lat' dir='ltr'>humiles</span> <span class='ocrx_word' id='word_1_122' title='bbox 670 1686 714 1720; x_wconf 87' lang='lat' dir='ltr'>in</span> <span class='ocrx_word' id='word_1_123' title='bbox 743 1684 916 1721; x_wconf 83' lang='lat' dir='ltr'>sublimi.</span> <span class='ocrx_word' id='word_1_124' title='bbox 950 1686 1038 1736; x_wconf 79' lang='lat' dir='ltr'>ipse</span> <span class='ocrx_word' id='word_1_125' title='bbox 1067 1686 1353 1736; x_wconf 69' lang='lat' dir='ltr'>maqnificatus</span> <span class='ocrx_word' id='word_1_126' title='bbox 1374 1698 1387 1730; x_wconf 66' lang='lat'>,²</span> <span class='ocrx_word' id='word_1_127' title='bbox 1419 1686 1529 1723; x_wconf 88' lang='lat' dir='ltr'>solus</span> 
     </span>
     <span class='ocr_line' id='line_1_20' title="bbox 330 1756 1530 1811; baseline 0.001 -15"><span class='ocrx_word' id='word_1_128' title='bbox 330 1761 375 1796; x_wconf 81' lang='lat' dir='ltr'>in</span> <span class='ocrx_word' id='word_1_129' title='bbox 410 1757 613 1795; x_wconf 85' lang='lat' dir='ltr'>obsidione</span> <span class='ocrx_word' id='word_1_130' title='bbox 646 1756 833 1796; x_wconf 86' lang='lat' dir='ltr'>damiete.</span> <span class='ocrx_word' id='word_1_131' title='bbox 893 1756 1077 1809; x_wconf 79' lang='lat' dir='ltr'>Sequitur</span> <span class='ocrx_word' id='word_1_132' title='bbox 1105 1758 1323 1809; x_wconf 82' lang='lat' dir='ltr'>Hystoria</span> <span class='ocrx_word' id='word_1_133' title='bbox 1351 1759 1402 1797; x_wconf 88' lang='lat' dir='ltr'>de</span> <span class='ocrx_word' id='word_1_134' title='bbox 1431 1759 1530 1811; x_wconf 85' lang='lat' dir='ltr'>lege</span> 
     </span>
     <span class='ocr_line' id='line_1_21' title="bbox 331 1833 1530 1886; baseline 0.001 -15"><span class='ocrx_word' id='word_1_135' title='bbox 331 1840 374 1871; x_wconf 91' lang='lat' dir='ltr'>et</span> <span class='ocrx_word' id='word_1_136' title='bbox 404 1839 570 1870; x_wconf 86' lang='lat' dir='ltr'>natura</span> <span class='ocrx_word' id='word_1_137' title='bbox 600 1845 940 1869; x_wconf 85' lang='lat' dir='ltr'>sarracenorum</span> <span class='ocrx_word' id='word_1_138' title='bbox 970 1840 1014 1870; x_wconf 90' lang='lat' dir='ltr'>et</span> <span class='ocrx_word' id='word_1_139' title='bbox 1043 1833 1098 1870; x_wconf 89' lang='lat' dir='ltr'>de</span> <span class='ocrx_word' id='word_1_140' title='bbox 1127 1833 1220 1871; x_wconf 86' lang='lat' dir='ltr'>vita</span> <span class='ocrx_word' id='word_1_141' title='bbox 1262 1842 1304 1872; x_wconf 92' lang='lat' dir='ltr'>et</span> <span class='ocrx_word' id='word_1_142' title='bbox 1352 1834 1530 1886; x_wconf 88' lang='lat' dir='ltr'>origine</span> 
     </span>
     <span class='ocr_line' id='line_1_22' title="bbox 330 1905 1529 1962; baseline 0.002 -16"><span class='ocrx_word' id='word_1_143' title='bbox 330 1916 372 1946; x_wconf 90' lang='lat' dir='ltr'>et</span> <span class='ocrx_word' id='word_1_144' title='bbox 400 1907 499 1959; x_wconf 89' lang='lat' dir='ltr'>lege</span> <span class='ocrx_word' id='word_1_145' title='bbox 530 1905 759 1946; x_wconf 87' lang='lat' dir='ltr'>Mahumet</span> <span class='ocrx_word' id='word_1_146' title='bbox 786 1907 1025 1962; x_wconf 88' lang='lat' dir='ltr'>prophete</span> <span class='ocrx_word' id='word_1_147' title='bbox 1053 1922 1209 1947; x_wconf 91' lang='lat' dir='ltr'>eorum</span> <span class='ocrx_word' id='word_1_148' title='bbox 1240 1922 1335 1961; x_wconf 90' lang='lat' dir='ltr'>que</span> <span class='ocrx_word' id='word_1_149' title='bbox 1363 1909 1458 1948; x_wconf 85' lang='lat' dir='ltr'>fuit</span> <span class='ocrx_word' id='word_1_150' title='bbox 1486 1916 1529 1948; x_wconf 90' lang='lat' dir='ltr'>et</span> 
     </span>
     <span class='ocr_line' id='line_1_23' title="bbox 329 1982 1527 2036; baseline 0.002 -17"><span class='ocrx_word' id='word_1_151' title='bbox 329 1982 457 2034; x_wconf 91' lang='lat' dir='ltr'>cepit</span> <span class='ocrx_word' id='word_1_152' title='bbox 487 1982 786 2032; x_wconf 90' lang='lat' dir='ltr'>temporibus</span> <span class='ocrx_word' id='word_1_153' title='bbox 817 1982 993 2019; x_wconf 87' lang='lat' dir='ltr'>Eraclii</span> <span class='ocrx_word' id='word_1_154' title='bbox 1022 1984 1339 2021; x_wconf 91' lang='lat' dir='ltr'>Romanorum</span> <span class='ocrx_word' id='word_1_155' title='bbox 1378 1983 1527 2036; x_wconf 88' lang='lat' dir='ltr'>Impe-</span> 
     </span>
     <span class='ocr_line' id='line_1_24' title="bbox 330 2055 1529 2110; baseline 0 -15"><span class='ocrx_word' id='word_1_156' title='bbox 330 2056 520 2102; x_wconf 86' lang='lat' dir='ltr'>ratoris,</span> <span class='ocrx_word' id='word_1_157' title='bbox 552 2063 590 2093; x_wconf 91' lang='lat' dir='ltr'>et</span> <span class='ocrx_word' id='word_1_158' title='bbox 617 2055 726 2107; x_wconf 89' lang='lat' dir='ltr'>plura</span> <span class='ocrx_word' id='word_1_159' title='bbox 761 2056 929 2093; x_wconf 89' lang='lat' dir='ltr'>eiusdem</span> <span class='ocrx_word' id='word_1_160' title='bbox 962 2058 1188 2109; x_wconf 86' lang='lat' dir='ltr'>argumenti.</span> <span class='ocrx_word' id='word_1_161' title='bbox 1248 2057 1292 2094; x_wconf 93' lang='lat' dir='ltr'>In</span> <span class='ocrx_word' id='word_1_162' title='bbox 1332 2057 1412 2110; x_wconf 89' lang='lat' dir='ltr'>ipso</span> <span class='ocrx_word' id='word_1_163' title='bbox 1452 2064 1529 2096; x_wconf 86' lang='lat' dir='ltr'>tra-</span> 
     </span>
     <span class='ocr_line' id='line_1_25' title="bbox 330 2129 1529 2182; baseline 0 -14"><span class='ocrx_word' id='word_1_164' title='bbox 330 2137 436 2168; x_wconf 88' lang='lat' dir='ltr'>ctatu</span> <span class='ocrx_word' id='word_1_165' title='bbox 463 2143 541 2167; x_wconf 90' lang='lat' dir='ltr'>non</span> <span class='ocrx_word' id='word_1_166' title='bbox 570 2129 785 2167; x_wconf 71' lang='lat' dir='ltr'>fflalzumet</span> <span class='ocrx_word' id='word_1_167' title='bbox 802 2159 813 2175; x_wconf 87' lang='lat'><strong><em>,</em></strong></span> <span class='ocrx_word' id='word_1_168' title='bbox 844 2129 905 2166; x_wconf 91' lang='lat' dir='ltr'>sed</span> <span class='ocrx_word' id='word_1_169' title='bbox 936 2131 1153 2167; x_wconf 76' lang='lat' dir='ltr'>machomet</span> <span class='ocrx_word' id='word_1_170' title='bbox 1172 2138 1208 2168; x_wconf 92' lang='lat' dir='ltr'>et</span> <span class='ocrx_word' id='word_1_171' title='bbox 1225 2136 1419 2182; x_wconf 78' lang='lat' dir='ltr'>magomet</span> <span class='ocrx_word' id='word_1_172' title='bbox 1439 2131 1529 2168; x_wconf 91' lang='lat' dir='ltr'>scri-</span> 
     </span>
     <span class='ocr_line' id='line_1_26' title="bbox 329 2203 1528 2258; baseline -0.002 -15"><span class='ocrx_word' id='word_1_173' title='bbox 329 2212 440 2258; x_wconf 90' lang='lat' dir='ltr'>ptum</span> <span class='ocrx_word' id='word_1_174' title='bbox 470 2211 539 2243; x_wconf 89' lang='lat' dir='ltr'>est.</span> <span class='ocrx_word' id='word_1_175' title='bbox 584 2205 819 2243; x_wconf 89' lang='lat' dir='ltr'>Postremum</span> <span class='ocrx_word' id='word_1_176' title='bbox 848 2203 982 2241; x_wconf 89' lang='lat' dir='ltr'>folium</span> <span class='ocrx_word' id='word_1_177' title='bbox 1024 2216 1185 2242; x_wconf 81' lang='lat' dir='ltr'>vacuum</span> <span class='ocrx_word' id='word_1_178' title='bbox 1204 2233 1214 2250; x_wconf 93' lang='lat'>‚</span> <span class='ocrx_word' id='word_1_179' title='bbox 1257 2204 1320 2242; x_wconf 90' lang='lat' dir='ltr'>sed</span> <span class='ocrx_word' id='word_1_180' title='bbox 1348 2203 1457 2257; x_wconf 90' lang='lat' dir='ltr'>plura</span> <span class='ocrx_word' id='word_1_181' title='bbox 1490 2204 1528 2241; x_wconf 93' lang='lat' dir='ltr'>in</span> 
     </span>
     <span class='ocr_line' id='line_1_27' title="bbox 329 2278 1527 2332; baseline 0 -16"><span class='ocrx_word' id='word_1_182' title='bbox 329 2292 374 2317; x_wconf 92' lang='lat' dir='ltr'>eo</span> <span class='ocrx_word' id='word_1_183' title='bbox 415 2279 464 2316; x_wconf 91' lang='lat' dir='ltr'>ab</span> <span class='ocrx_word' id='word_1_184' title='bbox 503 2279 575 2317; x_wconf 88' lang='lat' dir='ltr'>alia</span> <span class='ocrx_word' id='word_1_185' title='bbox 611 2293 729 2317; x_wconf 91' lang='lat' dir='ltr'>manu</span> <span class='ocrx_word' id='word_1_186' title='bbox 760 2280 896 2332; x_wconf 91' lang='lat' dir='ltr'>scripta</span> <span class='ocrx_word' id='word_1_187' title='bbox 927 2279 1050 2318; x_wconf 89' lang='lat' dir='ltr'>deleta</span> <span class='ocrx_word' id='word_1_188' title='bbox 1080 2287 1182 2319; x_wconf 89' lang='lat' dir='ltr'>sunt.</span> <span class='ocrx_word' id='word_1_189' title='bbox 1213 2279 1281 2317; x_wconf 85' lang='lat' dir='ltr'>IV.</span> <span class='ocrx_word' id='word_1_190' title='bbox 1329 2278 1527 2317; x_wconf 82' lang='lat' dir='ltr'>Annota-</span> 
     </span>
     <span class='ocr_line' id='line_1_28' title="bbox 330 2353 1528 2406; baseline -0.001 -16"><span class='ocrx_word' id='word_1_191' title='bbox 330 2353 398 2390; x_wconf 85' lang='lat' dir='ltr'>tio</span> <span class='ocrx_word' id='word_1_192' title='bbox 427 2353 820 2392; x_wconf 86' lang='lat' dir='ltr'>Provinciarum</span> <span class='ocrx_word' id='word_1_193' title='bbox 850 2354 986 2391; x_wconf 87' lang='lat' dir='ltr'>orbis</span> <span class='ocrx_word' id='word_1_194' title='bbox 1020 2353 1528 2406; x_wconf 88' lang='lat' dir='ltr'>archiepiscopatuum</span> 
     </span>
     <span class='ocr_line' id='line_1_29' title="bbox 329 2428 1529 2481; baseline 0 -17"><span class='ocrx_word' id='word_1_195' title='bbox 329 2435 375 2465; x_wconf 90' lang='lat' dir='ltr'>et</span> <span class='ocrx_word' id='word_1_196' title='bbox 405 2428 774 2480; x_wconf 79' lang='lat' dir='ltr'>Episcopatuurn.</span> <span class='ocrx_word' id='word_1_197' title='bbox 807 2429 853 2468; x_wconf 85' lang='lat' dir='ltr'>V.</span> <span class='ocrx_word' id='word_1_198' title='bbox 886 2429 994 2468; x_wconf 90' lang='lat' dir='ltr'>Unus</span> <span class='ocrx_word' id='word_1_199' title='bbox 1018 2429 1182 2481; x_wconf 89' lang='lat' dir='ltr'>denique</span> <span class='ocrx_word' id='word_1_200' title='bbox 1211 2428 1410 2480; x_wconf 87' lang='lat' dir='ltr'>quaternio</span> <span class='ocrx_word' id='word_1_201' title='bbox 1426 2440 1529 2464; x_wconf 91' lang='lat' dir='ltr'>com—</span> 
     </span>
     <span class='ocr_line' id='line_1_30' title="bbox 328 2500 1530 2555; baseline -0.001 -17"><span class='ocrx_word' id='word_1_202' title='bbox 328 2500 500 2554; x_wconf 90' lang='lat' dir='ltr'>plectens</span> <span class='ocrx_word' id='word_1_203' title='bbox 529 2501 675 2539; x_wconf 87' lang='lat' dir='ltr'>Persii</span> <span class='ocrx_word' id='word_1_204' title='bbox 703 2501 894 2549; x_wconf 87' lang='lat' dir='ltr'>Satiras,</span> <span class='ocrx_word' id='word_1_205' title='bbox 926 2503 1079 2555; x_wconf 88' lang='lat' dir='ltr'>scriptas</span> <span class='ocrx_word' id='word_1_206' title='bbox 1107 2516 1183 2541; x_wconf 90' lang='lat' dir='ltr'>sec.</span> <span class='ocrx_word' id='word_1_207' title='bbox 1217 2502 1323 2539; x_wconf 91' lang='lat' dir='ltr'>XIII.</span> <span class='ocrx_word' id='word_1_208' title='bbox 1359 2501 1530 2553; x_wconf 85' lang='lat' dir='ltr'>Scriptae</span> 
     </span>
    </p>
   </div>
   <div class='ocr_carea' id='block_1_3' title="bbox 330 2577 1527 2623">
    <p class='ocr_par' dir='ltr' id='par_1_3' title="bbox 330 2577 1527 2623">
     <span class='ocr_line' id='line_1_31' title="bbox 330 2577 1527 2623; baseline 0.002 -9"><span class='ocrx_word' id='word_1_209' title='bbox 330 2584 457 2615; x_wconf 86' lang='lat' dir='ltr'>autem</span> <span class='ocrx_word' id='word_1_210' title='bbox 484 2584 572 2614; x_wconf 89' lang='lat' dir='ltr'>sunt</span> <span class='ocrx_word' id='word_1_211' title='bbox 601 2590 748 2615; x_wconf 90' lang='lat' dir='ltr'>summa</span> <span class='ocrx_word' id='word_1_212' title='bbox 777 2577 921 2614; x_wconf 90' lang='lat' dir='ltr'>incuria</span> <span class='ocrx_word' id='word_1_213' title='bbox 938 2607 947 2622; x_wconf 91' lang='lat'>,</span> <span class='ocrx_word' id='word_1_214' title='bbox 978 2585 1020 2615; x_wconf 93' lang='lat' dir='ltr'>ut</span> <span class='ocrx_word' id='word_1_215' title='bbox 1048 2585 1171 2616; x_wconf 82' lang='lat' dir='ltr'>textus</span> <span class='ocrx_word' id='word_1_216' title='bbox 1198 2584 1338 2616; x_wconf 87' lang='lat' dir='ltr'>scateat</span> <span class='ocrx_word' id='word_1_217' title='bbox 1367 2577 1527 2623; x_wconf 88' lang='lat' dir='ltr'>mendis,</span> 
     </span>
    </p>
   </div>
  </div>
 </body>
</html>
