1857 3113
881 207 929 242 67

310 314 428 367 (quod
460 312 651 368 quomodo
681 312 746 351 fiat
786 312 856 351 nisi
896 312 933 351 in
975 325 1085 365 rugas
1127 311 1391 357 contrahatur,
1436 323 1510 348 non

308 389 524 440 intelligo),
567 396 694 425 tamen
735 387 781 424 ad
819 385 924 424 verbi
965 399 1074 424 usum
1103 386 1372 425 illustrandum
1402 386 1509 423 affert

305 475 478 500 excussa
524 462 716 508 brachia,
764 461 826 499 cui
855 459 980 499 Ovidii
1025 459 1238 511 (Metamm.
1284 460 1317 497 V
1337 491 1346 507 ‚
1394 459 1508 510 596.)

307 536 390 573 loco
419 536 506 573 addi
532 542 687 588 possunt
716 534 809 572 alter
837 548 857 572 e
884 534 1078 573 Metamm.
1110 535 1208 573 libro
1239 535 1306 581 VI,
1338 549 1373 573 v.
1407 537 1504 573 703:

306 613 486 648 excussit
504 623 684 664 pennas‚·
716 611 865 648 Petron.
898 608 1014 647 XCV:
1045 612 1333 647 excussissima
1343 610 1504 663 palma,

306 691 344 722 et
371 684 445 721 loci
473 684 527 721 ibi
563 699 583 722 a
622 685 842 722 Burmanno
874 683 1017 722 laudati
1060 685 1109 733 1).
1169 683 1352 722 Similiter
1381 691 1509 721 noster

306 755 386 795 Sat.
418 757 502 803 ΙΙΙ,
535 758 609 795 115
653 759 769 796 dixit:
812 757 997 794 membris
1038 759 1158 794 timor
1184 758 1300 795 albus
1328 760 1507 795 excussit

304 832 492 877 aristas,
533 833 638 882 quod
665 846 734 885 per
760 831 953 883 prolepsin
989 832 1241 883 interpretor:
1275 832 1388 869 timor
1416 832 1507 869 fecit

306 912 349 943 ut
374 905 443 958 pili
471 906 510 943 in
548 906 727 944 membris
755 905 932 943 horreant
980 906 1177 943 aristarum
1207 904 1332 943 modo.
1406 904 1504 944 Cum

304 992 382 1029 quo
406 979 489 1017 loco
515 980 668 1018 fortasse
688 980 849 1018 conferri
869 986 992 1032 potest
1009 979 1113 1018 locus
1133 979 1283 1018 Petron.
1307 979 1502 1019 LXXXIX

307 1054 346 1092 in
377 1054 470 1093 fine:
505 1056 619 1093 altas
645 1060 811 1108 quatere
837 1054 897 1091 ad
923 1066 1132 1091 excussum
1160 1054 1276 1092 iubas
1296 1085 1304 1101 ,
1351 1055 1422 1093 nisi
1449 1054 1510 1092 ad

304 1142 513 1167 excussum
542 1145 586 1168 eo
615 1131 697 1168 loco
726 1129 896 1167 archaice
925 1129 1068 1166 dictum
1092 1129 1137 1166 sit
1178 1144 1247 1182 pro
1275 1130 1334 1167 ad
1362 1144 1503 1168 excur-

306 1216 412 1248 sum,
443 1210 486 1240 ut
517 1203 634 1242 voluit
663 1204 863 1242 Weitzius.
895 1201 1078 1240 Similiter
1119 1215 1271 1254 quoque
1304 1203 1351 1241 de
1380 1204 1502 1255 Eryn-

304 1289 378 1327 nye
407 1276 499 1314 dixit
535 1276 642 1317 Ovid.
675 1277 765 1316 Met.
796 1278 870 1323 IV,
917 1279 1012 1314 492:
1048 1280 1270 1315 caesariem
1298 1282 1499 1324 excussit,

304 1350 372 1387 ubi
400 1358 525 1388 tamen
555 1352 777 1405 simpliciter
800 1352 1010 1403 significare
1035 1359 1159 1402 potest
1188 1365 1351 1389 movere.

358 1426 422 1462 56.
485 1424 566 1475 Qui
596 1425 725 1478 pote?
767 1428 829 1463 vis
863 1425 1027 1464 dicam?
1068 1427 1158 1478 cet.]
1219 1426 1262 1463 In
1291 1425 1362 1462 hoc
1392 1438 1499 1462 versu

303 1500 520 1551 nuperrime
549 1500 775 1538 Hauthalius
802 1501 838 1551 2)
869 1501 961 1539 duas
991 1502 1185 1554 proposuit
1214 1499 1497 1538 emendationes

303 1586 441 1625 easque
481 1588 501 1611 a
532 1575 705 1613 codicum
745 1576 930 1628 scriptura
975 1589 1022 1613 ne
1062 1583 1315 1612 transversum
1344 1573 1499 1625 quidem

303 1661 471 1700 unguem
491 1649 722 1695 recedentes,
754 1663 870 1701 quare
889 1650 1019 1702 paullo
1039 1650 1250 1687 accuratius
1280 1648 1496 1686 examinan—

301 1722 371 1761 dae
399 1731 499 1761 sunt.
559 1724 706 1777 Nempe
736 1738 884 1763 versum
914 1725 967 1762 ita
996 1723 1198 1775 legendum
1228 1731 1374 1760 censet:

444 1817 506 1856 Qui
528 1820 620 1860 pote?
644 1818 703 1847 Ius
726 1816 840 1853 dicam:
864 1817 1011 1859 Nugaris‚
1035 1828 1107 1848 cum
1130 1815 1206 1855 tibi,
1233 1816 1326 1846 Calve
1341 1839 1350 1854 ‚

300 2001 535 2045 angeliiuterter
546 2003 681 2035 Nasedas
700 2004 780 2035 volk
802 2002 981 2035 aufziehend
1003 2014 1042 2034 zu
1065 2002 1238 2034 scherzen.’²
1284 2006 1492 2042 Duentzerus,

300 2057 355 2101 qui
376 2057 565 2089 solummodo
588 2059 690 2091 Horat.
712 2061 774 2090 Sat.
797 2061 849 2099 11,
873 2061 893 2090 8
906 2082 915 2098 ⁷
939 2060 1003 2090 64:
1028 2070 1047 2088 2)
1060 2057 1242 2100 suspendens
1264 2059 1368 2090 omnia
1390 2069 1460 2090 naso
1474 2060 1492 2075 ’²

299 2112 393 2152 citat,
424 2114 519 2144 vertit
541 2120 644 2145 tamen
668 2127 686 2144 »
698 2113 760 2145 foin
781 2112 1000 2156 riimpfend”3
1035 2111 1146 2142 melius
1169 2112 1207 2143 ad
1230 2124 1353 2144 sensum
1375 2113 1493 2144 Teuffe-

299 2165 382 2197 lius:
407 2167 487 2199 »die
509 2170 613 2212 Mengc
635 2168 802 2200 verhohnet
824 2180 856 2200 er
877 2167 1019 2210 spitzig.”
1043 2168 1080 2197 ln
1101 2167 1237 2198 Animm.
1254 2179 1320 2210 pag.
1336 2170 1398 2198 120
1411 2167 1491 2198 idem

299 2219 389 2251 affert
421 2222 588 2253 versionem
622 2224 728 2255 Baueri
741 2247 750 2263 ‚
784 2223 838 2266 qui
860 2228 929 2253 ante
951 2222 1052 2252 oculos
1074 2221 1186 2253 habuit
1208 2224 1278 2252 Hor.
1302 2223 1363 2251 Sat.
1387 2223 1401 2251 Ι
1414 2244 1423 2260 ,
1448 2223 1468 2251 6
1481 2244 1490 2260 ‚

299 2276 320 2304 5
333 2297 343 2313 ,
365 2279 506 2305 vertens:
530 2275 621 2306 »last
643 2275 694 2307 das
715 2275 805 2307 halbe
828 2275 906 2308 v01k
928 2274 983 2307 auf
1001 2275 1097 2306 seiner
1119 2275 1286 2306 krummen
1296 2276 1491 2317 Sptitternase

299 2333 418 2360 tanzen.

345 2382 373 2424 ¹)
418 2373 537 2423 Quibus
559 2381 689 2414 addatur
711 2384 781 2414 Luc.
805 2385 819 2414 I
832 2407 841 2423 ‚
866 2385 939 2415 424.

344 2438 373 2477 ²)
419 2439 456 2468 ln
479 2439 554 2469 Mus.
586 2437 683 2470 Rhen.
706 2439 777 2470 Nov.
808 2440 893 2479 Ser.‚
920 2440 946 2470 V
969 2439 1086 2481 (1847)
1100 2463 1109 2479 Ἰ
1139 2451 1207 2483 pag.
1231 2442 1296 2472 630
1310 2463 1319 2480 ‚
1342 2450 1428 2482 sqq.;
1451 2437 1487 2469 cf.

234 2491 236 2493 ’
299 2489 380 2523 idem
402 2491 436 2523 in
458 2493 562 2526 eodem
583 2493 663 2526 libro
685 2494 749 2535 VI,
772 2505 838 2537 pag.
864 2496 937 2528 310.

1285 2558 1330 2594 5*

0 2984 158 3113 ,Η
337 3034 339 3036 ,
