1857 3113
885 228 933 264 47

314 350 430 389 quam
472 337 706 387 reliquorum
750 333 924 372 codicum
967 334 1070 371 ullus
1110 333 1311 373 referretur
1351 347 1500 373 necesse

315 420 434 458 esset,
478 408 583 462 quod
622 421 742 459 aeque
783 407 909 446 minus
949 407 1129 446 credibile
1158 407 1331 454 videtur,
1379 420 1500 460 quum

313 484 458 522 nullam
482 496 633 536 prorsus
652 481 791 519 habeat
812 481 1013 520 lectionem
1042 482 1074 534 1)
1107 483 1251 535 (paucis
1280 482 1416 520 calami
1441 482 1501 519 ei·-

316 557 463 595 roribus
505 556 683 609 exceptis)
728 569 843 607 quam
882 569 960 594 non
1002 557 1103 609 apud
1132 556 1223 594 alios
1252 557 1499 594 inveniamus.

314 629 503 680 Equidem
544 630 646 667 istud
678 631 815 683 pollui
854 644 924 683 pro
952 630 1088 669 mendo
1123 630 1182 667 vel
1215 630 1340 682 potius
1373 642 1502 667 emen-

315 692 466 730 datione
495 693 685 731 inscientis
713 694 856 732 librarii
882 694 1024 741 habeo3
1068 707 1192 745 neque
1221 694 1339 746 pluris
1374 693 1503 732 fecisse

313 766 463 803 videtur
490 766 741 804 Hermannus.

368 838 443 878 Sed
470 839 510 877 h.
531 839 557 878 l.
587 853 708 892 pauca
736 839 873 878 addam
905 838 951 876 de
981 839 1248 876 coniunctione
1278 852 1377 889 quae
1406 839 1505 876 inter

314 914 518 965 Prologum
556 921 594 952 et
634 922 830 965 sequentes
860 912 999 951 Satiras
1028 912 1251 953 intercedat.
1313 913 1502 965 Quicquid

314 987 415 1025 enim
445 994 649 1026 statuemus
679 987 724 1025 de
746 987 922 1039 temporis
951 986 1081 1024 ordine
1110 999 1186 1038 quo
1217 988 1385 1040 singulae
1413 987 1502 1024 sati-

314 1074 376 1099 rae
406 1075 426 1098 a
454 1062 579 1099 Persio
608 1061 840 1112 conscriptae
870 1061 957 1106 sint,
987 1060 1169 1098 iudicium
1193 1060 1239 1098 de
1269 1061 1340 1098 1130
1360 1061 1504 1099 ratione

314 1133 413 1173 idem
441 1141 585 1181 manet,
615 1146 684 1171 nec
714 1133 918 1185 quicquam
945 1135 1101 1172 interest
1117 1163 1127 1180 ‚
1157 1142 1287 1172 utrum
1315 1134 1439 1172 Iahnii
1467 1135 1503 1184 2)

357 1310 387 1351 ¹)
432 1307 520 1350 Quod
541 1318 610 1339 vero
632 1307 696 1350 ipse
717 1308 747 1339 C.
771 1309 820 1339 Fr.
844 1308 1053 1349 Hermannus,
1074 1310 1168 1340 Lectt.
1191 1309 1283 1340 Perss.
1306 1310 1322 1340 I
1334 1333 1343 1350 ,
1369 1310 1399 1349 ¹7,
1422 1320 1453 1340 11.
1475 1310 1505 1350 ’1,

312 1362 349 1394 cf.
372 1365 422 1402 11,
448 1365 486 1402 7,
509 1362 586 1392 dixit
609 1361 645 1391 de
668 1361 758 1392 unica
779 1361 907 1393 lectione
929 1373 1022 1404 quam
1044 1363 1107 1393 cod.
1139 1363 1219 1393 Leid.
1243 1363 1323 1393 solus
1347 1363 1503 1404 praebeat,

312 1427 421 1459 nempe
443 1416 480 1447 ad
503 1417 565 1446 Sat.
600 1416 659 1454 Vl,
683 1417 722 1454 6,
757 1418 910 1457 egregius
934 1427 1055 1455 senex,
1090 1415 1168 1446 hanc
1190 1416 1249 1446 viri
1272 1415 1430 1446 clarissimi
1453 1415 1505 1446 ob-

311 1471 510 1502 servationem
532 1481 601 1500 mox
623 1468 727 1499 falsam
750 1475 918 1511 arguerunt
942 1470 1100 1513 evulgatae
1123 1470 1258 1501 codicum
1281 1472 1339 1513 Mp.
1362 1476 1393 1501 et
1416 1472 1504 1502 Rom.

311 1523 472 1563 lectiones,
507 1524 540 1553 in
563 1522 674 1565 quibus
704 1523 796 1553 etiam
820 1534 921 1554 senes:
942 1523 1066 1566 legitur.
1122 1525 1180 1555 Sed
1214 1535 1310 1567 neque
1341 1524 1371 1555 h.
1395 1524 1417 1554 l.
1441 1525 1503 1555 cod.

312 1577 392 1609 Leid.
415 1577 578 1609 auctoritas
611 1576 691 1607 tanti
714 1582 778 1617 est,
809 1589 907 1620 quum
930 1578 962 1609 in
993 1590 1026 1609 eo
1049 1578 1170 1622 legatur
1196 1578 1322 1622 quidem
1355 1590 1373 1609 a
1406 1579 1506 1621 prima

312 1643 406 1663 manu
429 1644 552 1671 senex,
586 1631 634 1661 sed
656 1631 760 1662 littera
783 1643 807 1661 x
828 1632 937 1674 scripta
960 1633 1000 1663 sit
1023 1634 1055 1663 in
1079 1632 1238 1664 manifesta
1261 1645 1364 1664 rasura
1386 1633 1508 1665 litterae

314 1696 340 1717 s.
364 1687 518 1717 Praeterea
540 1696 558 1716 a
580 1695 635 1716 see.
659 1695 754 1715 manu
765 1684 864 1715 denuo
888 1696 904 1714 s
927 1686 1128 1728 suprascripta
1139 1691 1201 1725 est,
1226 1692 1263 1716 ut
1283 1687 1509 1729 etiamosupra

312 1742 474 1783 egregius.
531 1738 679 1770 Prellerus
713 1746 817 1770 autem
850 1739 926 1783 quid
959 1740 1016 1771 sibi
1039 1741 1172 1772 voluerit
1195 1741 1227 1771 in
1250 1752 1375 1772 censura
1404 1742 1506 1772 Herm.

312 1795 407 1824 Lectt.
442 1795 556 1832 Perss.,
592 1792 664 1823 edit.
699 1792 786 1823 Iahn.
822 1798 853 1823 et·
886 1794 958 1824 edit.
1000 1796 1128 1824 Duentz.
1165 1794 1213 1834 (in
1247 1794 1378 1835 Allgem.
1413 1794 1505 1824 Liter.

312 1847 399 1891 Zeitg
433 1849 527 1878 1845.
552 1848 601 1877 ΝΟ.
625 1848 689 1877 143
712 1852 743 1878 et
772 1848 861 1888 144.)
884 1858 951 1890 pag.
977 1850 1084 1887 1140,
1116 1846 1170 1878 ubi
1193 1846 1229 1877 de
1253 1846 1308 1877 hoc
1331 1846 1395 1877 1000
1417 1847 1505 1890 agit,

313 1912 374 1933 non
396 1900 483 1932 facile
512 1912 688 1943 assequare,
724 1913 823 1943 quum
856 1900 999 1933 Iahnium
1035 1914 1136 1933 senex
1157 1902 1190 1932 in
1221 1907 1340 1932 textum
1363 1902 1506 1944 recepisse

312 1954 393 1986 dieat
415 1955 506 1998 idque
535 1954 660 1997 probet,
691 1953 742 1984 sed
764 1954 851 1984 modo
881 1953 959 1985 hanc
987 1955 1075 1986 modo
1105 1956 1233 1986 alteram
1264 1955 1425 1985 lectionem
1457 1966 1507 1986 ex-

312 2010 415 2053 plicet.
450 2013 515 2053 lpse
544 2009 675 2052 denique
703 2020 813 2039 novam
847 2009 875 2039 ei
897 2008 961 2040 loco
983 2010 1136 2041 maculam
1170 2010 1316 2053 adspersit
1351 2009 1508 2041 scribendo

314 2064 441 2095 luxisse
464 2074 517 2107 pro
541 2063 671 2095 lusisse.
717 2063 883 2095 Hermanni
917 2069 1021 2094 autem
1055 2064 1217 2095 lectionem
1241 2064 1353 2094 merito
1384 2064 1508 2095 damna-

313 2124 389 2149 runt
412 2117 580 2149 Teuffelius
602 2118 634 2150 in
661 2117 980 2150 Animadversionibus
1014 2118 1050 2149 ad
1074 2119 1255 2158 Germanic,
1290 2124 1380 2149 metr.
1415 2117 1509 2148 Persii

313 2172 386 2203 edit.
416 2174 535 2215 stuttg.
560 2175 667 2211 1844,
698 2184 765 2214 pag.
790 2175 877 2211 180,
900 2183 943 2214 sq.
967 2171 1002 2202 ef.
1027 2184 1092 2214 pag.
1120 2175 1182 2212 79,
1206 2179 1293 2211 not.3
1317 2173 1398 2202 idem
1420 2183 1509 2214 porro

313 2226 347 2257 in
369 2238 494 2259 censura
523 2227 618 2270 operis
641 2225 859 2258 Hermanniani
882 2230 914 2256 et
936 2224 1096 2266 Iahniani‚
1121 2232 1191 2258 cett.
1226 2227 1272 2267 (in
1296 2228 1329 2257 N.
1355 2228 1416 2256 Ien.
1441 2224 1508 2256 All-

313 2291 392 2323 gem.
422 2281 513 2310 Liter.
536 2283 603 2322 Ztg.
640 2284 748 2320 1845,
782 2283 831 2312 N''.
856 2283 1055 2322 195—197.)
1079 2293 1146 2324 pag.
1173 2284 1257 2321 779,
1288 2287 1319 2312 et
1353 2280 1439 2312 Iahn.
1474 2280 1509 2311 in

313 2344 390 2365 cens.
414 2335 515 2364 Herm.
539 2336 633 2364 Lectt.
657 2337 770 2374 Perss.,
794 2335 827 2365 in
849 2333 993 2365 Zeitsehr.
1015 2333 1037 2364 f.
1060 2334 1089 2365 d.
1112 2335 1247 2366 Alterth.
1268 2335 1378 2375 Wiss.,
1403 2336 1508 2373 1844,

313 2388 363 2419 ΝΟ.
386 2390 471 2429 139,
493 2400 559 2432 pag.
584 2391 689 2429 1109,
712 2399 755 2432 sq.

359 2445 388 2484 2)
433 2447 479 2475 In.
506 2444 641 2488 Prolegg.
665 2456 731 2488 pag.
754 2446 883 2483 LXXII3
915 2442 985 2474 coll.
1017 2455 1083 2487 pag.
1107 2445 1199 2475 LXIV
1223 2444 1256 2476 in
1278 2450 1372 2484 nota3
1395 2443 1509 2483 Baehr,

291 2497 294 2499 '
315 2494 419 2527 Gesch.
442 2497 472 2527 d,
505 2509 597 2530 roem.
631 2499 723 2531 Liter.
749 2500 775 2540 §.
808 2501 882 2530 133.
914 2497 987 2530 edit.
1011 2500 1062 2537 3.;
1092 2498 1216 2530 Prellet.
1239 2498 1274 2529 in
1295 2509 1373 2529 cens.
1396 2497 1418 2529 1.
1440 2507 1509 2539 pag.
