<?xml version="1.0" encoding="UTF-8"?>
<!DOCTYPE html PUBLIC "-//W3C//DTD XHTML 1.0 Transitional//EN"
    "http://www.w3.org/TR/xhtml1/DTD/xhtml1-transitional.dtd">
<html xmlns="http://www.w3.org/1999/xhtml" xml:lang="en" lang="en">
 <head>
  <title>
</title>
<meta http-equiv="Content-Type" content="text/html;charset=utf-8" />
  <meta name='ocr-system' content='tesseract 3.04.00' />
  <meta name='ocr-capabilities' content='ocr_page ocr_carea ocr_par ocr_line ocrx_word'/>
</head>
<body>
  <div class='ocr_page' id='page_1' title='image "./4627210_0079.png"; bbox 0 0 1857 3113; ppageno 0'>
   <div class='ocr_carea' id='block_1_1' title="bbox 889 258 939 296">
    <p class='ocr_par' dir='ltr' id='par_1_1' title="bbox 889 258 939 296">
     <span class='ocr_line' id='line_1_1' title="bbox 889 258 939 296; baseline -0.02 0"><span class='ocrx_word' id='word_1_1' title='bbox 889 258 939 296; x_wconf 83' lang='lat'><strong>59</strong></span> 
     </span>
    </p>
   </div>
   <div class='ocr_carea' id='block_1_2' title="bbox 316 364 1510 1681">
    <p class='ocr_par' dir='ltr' id='par_1_2' title="bbox 319 364 1510 494">
     <span class='ocr_line' id='line_1_2' title="bbox 321 364 1510 417; baseline -0.003 -12"><span class='ocrx_word' id='word_1_2' title='bbox 321 364 422 405; x_wconf 79' lang='lat' dir='ltr'><strong>Nolo</strong></span> <span class='ocrx_word' id='word_1_3' title='bbox 465 381 485 404; x_wconf 90' lang='lat' dir='ltr'><strong>a</strong></span> <span class='ocrx_word' id='word_1_4' title='bbox 526 366 702 412; x_wconf 85' lang='lat' dir='ltr'><strong>PlumiO,</strong></span> <span class='ocrx_word' id='word_1_5' title='bbox 747 365 952 405; x_wconf 88' lang='lat' dir='ltr'><strong>Hauthalio</strong></span> <span class='ocrx_word' id='word_1_6' title='bbox 989 366 1021 416; x_wconf 77' lang='grc' dir='ltr'><strong>Ι)</strong></span> <span class='ocrx_word' id='word_1_7' title='bbox 1052 372 1089 404; x_wconf 87' lang='lat' dir='ltr'><strong>et</strong></span> <span class='ocrx_word' id='word_1_8' title='bbox 1129 364 1349 404; x_wconf 90' lang='lat' dir='ltr'><strong>Heinrichio</strong></span> <span class='ocrx_word' id='word_1_9' title='bbox 1375 366 1410 416; x_wconf 89' lang='lat'><strong>2)</strong></span> <span class='ocrx_word' id='word_1_10' title='bbox 1440 364 1510 417; x_wconf 86' lang='lat' dir='ltr'><strong>ipsi</strong></span> 
     </span>
     <span class='ocr_line' id='line_1_3' title="bbox 319 440 679 494; baseline -0.008 -13"><span class='ocrx_word' id='word_1_11' title='bbox 319 449 452 494; x_wconf 86' lang='lat' dir='ltr'><strong>poetae</strong></span> <span class='ocrx_word' id='word_1_12' title='bbox 486 440 679 479; x_wconf 88' lang='lat' dir='ltr'><strong>tribuitur.</strong></span> 
     </span>
    </p>

    <p class='ocr_par' dir='ltr' id='par_1_3' title="bbox 316 514 1509 1681">
     <span class='ocr_line' id='line_1_4' title="bbox 380 514 1508 567; baseline -0.002 -14"><span class='ocrx_word' id='word_1_13' title='bbox 380 518 427 553; x_wconf 89' lang='lat'><strong>13</strong></span> <span class='ocrx_word' id='word_1_14' title='bbox 447 545 458 562; x_wconf 98' lang='lat'><strong>,</strong></span> <span class='ocrx_word' id='word_1_15' title='bbox 489 529 572 567; x_wconf 88' lang='lat' dir='ltr'><strong>sqq.</strong></span> <span class='ocrx_word' id='word_1_16' title='bbox 602 514 824 553; x_wconf 74' lang='lat' dir='ltr'><em>Scribimus</em></span> <span class='ocrx_word' id='word_1_17' title='bbox 851 516 1016 566; x_wconf 79' lang='lat' dir='ltr'><strong>inclusi]</strong></span> <span class='ocrx_word' id='word_1_18' title='bbox 1076 514 1287 553; x_wconf 84' lang='lat' dir='ltr'><strong>Marklandi</strong></span> <span class='ocrx_word' id='word_1_19' title='bbox 1317 516 1351 565; x_wconf 80' lang='grc'><strong>8)</strong></span> <span class='ocrx_word' id='word_1_20' title='bbox 1382 515 1508 551; x_wconf 90' lang='lat' dir='ltr'><strong>conie-</strong></span> 
     </span>
     <span class='ocr_line' id='line_1_5' title="bbox 319 588 1508 636; baseline 0 -10"><span class='ocrx_word' id='word_1_21' title='bbox 319 596 464 627; x_wconf 85' lang='lat' dir='ltr'><strong>cturam</strong></span> <span class='ocrx_word' id='word_1_22' title='bbox 484 589 683 635; x_wconf 79' lang='lat' dir='ltr'><strong>inclusus,</strong></span> <span class='ocrx_word' id='word_1_23' title='bbox 712 589 838 629; x_wconf 86' lang='lat' dir='ltr'><strong>invitis</strong></span> <span class='ocrx_word' id='word_1_24' title='bbox 855 589 1031 629; x_wconf 90' lang='lat' dir='ltr'><strong>omnibus</strong></span> <span class='ocrx_word' id='word_1_25' title='bbox 1049 588 1262 636; x_wconf 87' lang='lat' dir='ltr'><strong>codicibus,</strong></span> <span class='ocrx_word' id='word_1_26' title='bbox 1294 590 1333 627; x_wconf 92' lang='lat' dir='ltr'><strong>in</strong></span> <span class='ocrx_word' id='word_1_27' title='bbox 1363 596 1508 627; x_wconf 82' lang='lat' dir='ltr'><strong>textum</strong></span> 
     </span>
     <span class='ocr_line' id='line_1_6' title="bbox 319 663 1507 716; baseline 0 -16"><span class='ocrx_word' id='word_1_28' title='bbox 319 671 541 716; x_wconf 87' lang='lat' dir='ltr'><strong>receperunt</strong></span> <span class='ocrx_word' id='word_1_29' title='bbox 579 664 772 702; x_wconf 87' lang='lat' dir='ltr'><strong>Passovius</strong></span> <span class='ocrx_word' id='word_1_30' title='bbox 799 666 835 715; x_wconf 88' lang='lat'><strong>4)</strong></span> <span class='ocrx_word' id='word_1_31' title='bbox 866 672 904 702; x_wconf 85' lang='lat' dir='ltr'><strong>et</strong></span> <span class='ocrx_word' id='word_1_32' title='bbox 932 663 1172 702; x_wconf 85' lang='lat' dir='ltr'><strong>Heinrichius</strong></span> <span class='ocrx_word' id='word_1_33' title='bbox 1208 663 1265 715; x_wconf 83' lang='lat'><strong>⁵)3</strong></span> <span class='ocrx_word' id='word_1_34' title='bbox 1313 663 1376 701; x_wconf 90' lang='lat' dir='ltr'><strong>sed</strong></span> <span class='ocrx_word' id='word_1_35' title='bbox 1406 670 1507 701; x_wconf 90' lang='lat' dir='ltr'><strong>recte</strong></span> 
     </span>
     <span class='ocr_line' id='line_1_7' title="bbox 318 735 1507 789; baseline 0 -14"><span class='ocrx_word' id='word_1_36' title='bbox 318 736 470 775; x_wconf 87' lang='lat' dir='ltr'><strong>Iahnius</strong></span> <span class='ocrx_word' id='word_1_37' title='bbox 500 735 535 789; x_wconf 86' lang='lat'><strong>⁶)</strong></span> <span class='ocrx_word' id='word_1_38' title='bbox 567 739 831 777; x_wconf 84' lang='lat' dir='ltr'><strong>animadvertit</strong></span> <span class='ocrx_word' id='word_1_39' title='bbox 860 740 1116 777; x_wconf 80' lang='lat' dir='ltr'><strong>accusativum</strong></span> <span class='ocrx_word' id='word_1_40' title='bbox 1143 751 1326 776; x_wconf 82' lang='lat' dir='ltr'><strong>numeros</strong></span> <span class='ocrx_word' id='word_1_41' title='bbox 1345 768 1353 784; x_wconf 95' lang='lat'><strong>,</strong></span> <span class='ocrx_word' id='word_1_42' title='bbox 1393 750 1507 789; x_wconf 86' lang='lat' dir='ltr'><strong>quem</strong></span> 
     </span>
     <span class='ocr_line' id='line_1_8' title="bbox 318 809 1503 865; baseline -0.001 -17"><span class='ocrx_word' id='word_1_43' title='bbox 318 809 375 848; x_wconf 90' lang='lat' dir='ltr'><strong>illi</strong></span> <span class='ocrx_word' id='word_1_44' title='bbox 402 811 659 858; x_wconf 88' lang='lat' dir='ltr'><strong>retinuerunt,</strong></span> <span class='ocrx_word' id='word_1_45' title='bbox 687 826 756 865; x_wconf 92' lang='lat' dir='ltr'><strong>pro</strong></span> <span class='ocrx_word' id='word_1_46' title='bbox 791 826 868 864; x_wconf 89' lang='lat' dir='ltr'><strong>quo</strong></span> <span class='ocrx_word' id='word_1_47' title='bbox 896 812 1143 851; x_wconf 86' lang='lat' dir='ltr'><strong>Marklandus</strong></span> <span class='ocrx_word' id='word_1_48' title='bbox 1177 812 1383 850; x_wconf 84' lang='lat' dir='ltr'><strong>ablativum</strong></span> <span class='ocrx_word' id='word_1_49' title='bbox 1414 810 1503 848; x_wconf 90' lang='lat' dir='ltr'><strong>sub-</strong></span> 
     </span>
     <span class='ocr_line' id='line_1_9' title="bbox 317 886 1509 938; baseline 0.003 -18"><span class='ocrx_word' id='word_1_50' title='bbox 317 892 513 935; x_wconf 82' lang='lat' dir='ltr'><strong>posuerat,</strong></span> <span class='ocrx_word' id='word_1_51' title='bbox 551 899 639 925; x_wconf 87' lang='lat' dir='ltr'><strong>cum</strong></span> <span class='ocrx_word' id='word_1_52' title='bbox 673 887 787 925; x_wconf 86' lang='lat' dir='ltr'><strong>verbo</strong></span> <span class='ocrx_word' id='word_1_53' title='bbox 816 889 966 926; x_wconf 75' lang='lat' dir='ltr'><strong>inclusi</strong></span> <span class='ocrx_word' id='word_1_54' title='bbox 994 888 1069 938; x_wconf 87' lang='lat' dir='ltr'><strong>(vel</strong></span> <span class='ocrx_word' id='word_1_55' title='bbox 1104 888 1300 938; x_wconf 78' lang='lat' dir='ltr'><strong>inclusus)</strong></span> <span class='ocrx_word' id='word_1_56' title='bbox 1330 886 1509 938; x_wconf 86' lang='lat' dir='ltr'><strong>coniungi</strong></span> 
     </span>
     <span class='ocr_line' id='line_1_10' title="bbox 317 959 1508 1011; baseline 0.001 -16"><span class='ocrx_word' id='word_1_57' title='bbox 317 971 392 996; x_wconf 93' lang='lat' dir='ltr'><strong>non</strong></span> <span class='ocrx_word' id='word_1_58' title='bbox 423 959 542 997; x_wconf 90' lang='lat' dir='ltr'><strong>sinere</strong></span> <span class='ocrx_word' id='word_1_59' title='bbox 571 959 670 1011; x_wconf 87' lang='lat' dir='ltr'><strong>leges</strong></span> <span class='ocrx_word' id='word_1_60' title='bbox 701 962 881 999; x_wconf 83' lang='lat' dir='ltr'><strong>sermonis</strong></span> <span class='ocrx_word' id='word_1_61' title='bbox 910 969 947 999; x_wconf 90' lang='lat' dir='ltr'><strong>et</strong></span> <span class='ocrx_word' id='word_1_62' title='bbox 975 975 1018 999; x_wconf 93' lang='lat' dir='ltr'><strong>eo</strong></span> <span class='ocrx_word' id='word_1_63' title='bbox 1048 961 1163 999; x_wconf 90' lang='lat' dir='ltr'><strong>modo</strong></span> <span class='ocrx_word' id='word_1_64' title='bbox 1192 976 1269 999; x_wconf 90' lang='lat' dir='ltr'><strong>non</strong></span> <span class='ocrx_word' id='word_1_65' title='bbox 1297 961 1406 998; x_wconf 89' lang='lat' dir='ltr'><strong>aliter</strong></span> <span class='ocrx_word' id='word_1_66' title='bbox 1433 959 1508 997; x_wconf 90' lang='lat' dir='ltr'><strong>dici</strong></span> 
     </span>
     <span class='ocr_line' id='line_1_11' title="bbox 317 1034 1507 1084; baseline 0.002 -16"><span class='ocrx_word' id='word_1_67' title='bbox 317 1045 425 1084; x_wconf 90' lang='lat' dir='ltr'><strong>posse</strong></span> <span class='ocrx_word' id='word_1_68' title='bbox 452 1034 522 1070; x_wconf 90' lang='lat' dir='ltr'><strong>nisi</strong></span> <span class='ocrx_word' id='word_1_69' title='bbox 551 1034 731 1071; x_wconf 76' lang='lat' dir='ltr'><strong>inclusus</strong></span> <span class='ocrx_word' id='word_1_70' title='bbox 758 1038 949 1074; x_wconf 77' lang='lat' dir='ltr'><strong>numeris.</strong></span> <span class='ocrx_word' id='word_1_71' title='bbox 1002 1036 1215 1074; x_wconf 87' lang='lat' dir='ltr'><strong>Dictionem</strong></span> <span class='ocrx_word' id='word_1_72' title='bbox 1245 1043 1373 1072; x_wconf 87' lang='lat' dir='ltr'><strong>autem</strong></span> <span class='ocrx_word' id='word_1_73' title='bbox 1401 1035 1507 1070; x_wconf 78' lang='lat' dir='ltr'><strong>scri-</strong></span> 
     </span>
     <span class='ocr_line' id='line_1_12' title="bbox 317 1105 1505 1160; baseline 0.001 -16"><span class='ocrx_word' id='word_1_74' title='bbox 317 1105 406 1145; x_wconf 81' lang='lat' dir='ltr'><strong>bere</strong></span> <span class='ocrx_word' id='word_1_75' title='bbox 433 1122 616 1146; x_wconf 81' lang='lat' dir='ltr'><strong>numeros</strong></span> <span class='ocrx_word' id='word_1_76' title='bbox 644 1107 843 1147; x_wconf 82' lang='lat' dir='ltr'><strong>illustravit</strong></span> <span class='ocrx_word' id='word_1_77' title='bbox 871 1107 1097 1146; x_wconf 88' lang='lat' dir='ltr'><strong>Hauthalius</strong></span> <span class='ocrx_word' id='word_1_78' title='bbox 1132 1109 1167 1160; x_wconf 87' lang='grc'><strong>7)</strong></span> <span class='ocrx_word' id='word_1_79' title='bbox 1204 1109 1397 1147; x_wconf 88' lang='lat' dir='ltr'><strong>conferens</strong></span> <span class='ocrx_word' id='word_1_80' title='bbox 1433 1119 1505 1145; x_wconf 83' lang='lat' dir='ltr'><strong>vss.</strong></span> 
     </span>
     <span class='ocr_line' id='line_1_13' title="bbox 317 1181 1508 1234; baseline 0.001 -16"><span class='ocrx_word' id='word_1_81' title='bbox 317 1183 367 1219; x_wconf 87' lang='lat'><strong>65</strong></span> <span class='ocrx_word' id='word_1_82' title='bbox 397 1190 434 1220; x_wconf 88' lang='lat' dir='ltr'><strong>et</strong></span> <span class='ocrx_word' id='word_1_83' title='bbox 462 1186 619 1222; x_wconf 86' lang='lat'>92—95</span> <span class='ocrx_word' id='word_1_84' title='bbox 649 1191 796 1222; x_wconf 88' lang='lat' dir='ltr'><strong>nostrae</strong></span> <span class='ocrx_word' id='word_1_85' title='bbox 832 1182 936 1230; x_wconf 88' lang='lat' dir='ltr'><strong>Sat.;</strong></span> <span class='ocrx_word' id='word_1_86' title='bbox 970 1182 1033 1221; x_wconf 87' lang='lat' dir='ltr'><strong>sed</strong></span> <span class='ocrx_word' id='word_1_87' title='bbox 1063 1182 1165 1221; x_wconf 85' lang='lat' dir='ltr'><strong>idem</strong></span> <span class='ocrx_word' id='word_1_88' title='bbox 1196 1181 1389 1234; x_wconf 79' lang='lat' dir='ltr'><strong>(miruml)</strong></span> <span class='ocrx_word' id='word_1_89' title='bbox 1425 1194 1508 1219; x_wconf 79' lang='lat' dir='ltr'><strong>ver-</strong></span> 
     </span>
     <span class='ocr_line' id='line_1_14' title="bbox 318 1255 1508 1310; baseline -0.001 -17"><span class='ocrx_word' id='word_1_90' title='bbox 318 1255 374 1294; x_wconf 92' lang='lat' dir='ltr'><strong>bis</strong></span> <span class='ocrx_word' id='word_1_91' title='bbox 402 1257 467 1294; x_wconf 75' lang='lat' dir='ltr'><strong>hic</strong></span> <span class='ocrx_word' id='word_1_92' title='bbox 485 1257 594 1310; x_wconf 76' lang='lat' dir='ltr'><strong>pede</strong></span> <span class='ocrx_word' id='word_1_93' title='bbox 623 1257 723 1295; x_wconf 80' lang='lat' dir='ltr'><strong>liber</strong></span> <span class='ocrx_word' id='word_1_94' title='bbox 764 1257 965 1310; x_wconf 86' lang='lat' dir='ltr'><strong>significari</strong></span> <span class='ocrx_word' id='word_1_95' title='bbox 1001 1257 1176 1295; x_wconf 89' lang='lat' dir='ltr'><strong>criticum</strong></span> <span class='ocrx_word' id='word_1_96' title='bbox 1201 1257 1260 1294; x_wconf 86' lang='lat' dir='ltr'><strong>vel</strong></span> <span class='ocrx_word' id='word_1_97' title='bbox 1289 1255 1508 1309; x_wconf 84' lang='lat' dir='ltr'><strong>grammati—</strong></span> 
     </span>
     <span class='ocr_line' id='line_1_15' title="bbox 318 1332 1508 1385; baseline -0.002 -16"><span class='ocrx_word' id='word_1_98' title='bbox 318 1344 405 1370; x_wconf 89' lang='lat' dir='ltr'><strong>cum</strong></span> <span class='ocrx_word' id='word_1_99' title='bbox 435 1332 546 1381; x_wconf 81' lang='lat' dir='ltr'><strong>dicit3</strong></span> <span class='ocrx_word' id='word_1_100' title='bbox 586 1339 671 1385; x_wconf 92' lang='lat' dir='ltr'><strong>post</strong></span> <span class='ocrx_word' id='word_1_101' title='bbox 706 1332 805 1369; x_wconf 69' lang='lat' dir='ltr'><strong>liber</strong></span> <span class='ocrx_word' id='word_1_102' title='bbox 834 1333 947 1369; x_wconf 89' lang='lat' dir='ltr'><strong>etiarn</strong></span> <span class='ocrx_word' id='word_1_103' title='bbox 976 1346 1122 1371; x_wconf 88' lang='lat' dir='ltr'><strong>comma</strong></span> <span class='ocrx_word' id='word_1_104' title='bbox 1152 1333 1279 1377; x_wconf 89' lang='lat' dir='ltr'><strong>delet,</strong></span> <span class='ocrx_word' id='word_1_105' title='bbox 1316 1337 1359 1368; x_wconf 85' lang='lat' dir='ltr'><strong>ut</strong></span> <span class='ocrx_word' id='word_1_106' title='bbox 1387 1342 1508 1367; x_wconf 88' lang='lat' dir='ltr'><strong>mem-</strong></span> 
     </span>
     <span class='ocr_line' id='line_1_16' title="bbox 317 1403 1506 1458; baseline -0.003 -16"><span class='ocrx_word' id='word_1_107' title='bbox 317 1403 471 1442; x_wconf 90' lang='lat' dir='ltr'><strong>brorum</strong></span> <span class='ocrx_word' id='word_1_108' title='bbox 515 1405 662 1442; x_wconf 80' lang='lat' dir='ltr'><strong>exsistat</strong></span> <span class='ocrx_word' id='word_1_109' title='bbox 703 1405 948 1443; x_wconf 85' lang='lat' dir='ltr'><strong>concinnitas.</strong></span> <span class='ocrx_word' id='word_1_110' title='bbox 1020 1405 1172 1458; x_wconf 88' lang='lat' dir='ltr'><strong>Optime</strong></span> <span class='ocrx_word' id='word_1_111' title='bbox 1214 1412 1340 1441; x_wconf 84' lang='lat' dir='ltr'><strong>autem</strong></span> <span class='ocrx_word' id='word_1_112' title='bbox 1383 1411 1506 1440; x_wconf 91' lang='lat' dir='ltr'><strong>totum</strong></span> 
     </span>
     <span class='ocr_line' id='line_1_17' title="bbox 316 1476 1504 1531; baseline -0.002 -14"><span class='ocrx_word' id='word_1_113' title='bbox 316 1478 419 1517; x_wconf 90' lang='lat' dir='ltr'><strong>hunc</strong></span> <span class='ocrx_word' id='word_1_114' title='bbox 448 1480 573 1517; x_wconf 92' lang='lat' dir='ltr'><strong>locum</strong></span> <span class='ocrx_word' id='word_1_115' title='bbox 602 1479 733 1530; x_wconf 89' lang='lat' dir='ltr'><strong>legunt</strong></span> <span class='ocrx_word' id='word_1_116' title='bbox 762 1487 799 1517; x_wconf 92' lang='lat' dir='ltr'><strong>et</strong></span> <span class='ocrx_word' id='word_1_117' title='bbox 828 1479 1063 1531; x_wconf 86' lang='lat' dir='ltr'><strong>distinguunt</strong></span> <span class='ocrx_word' id='word_1_118' title='bbox 1092 1477 1345 1524; x_wconf 83' lang='lat' dir='ltr'><strong>Schrevelius,</strong></span> <span class='ocrx_word' id='word_1_119' title='bbox 1377 1477 1423 1515; x_wconf 83' lang='lat' dir='ltr'><strong>E.</strong></span> <span class='ocrx_word' id='word_1_120' title='bbox 1458 1476 1504 1515; x_wconf 88' lang='lat' dir='ltr'><strong>G.</strong></span> 
     </span>
     <span class='ocr_line' id='line_1_18' title="bbox 316 1551 1506 1606; baseline 0 -17"><span class='ocrx_word' id='word_1_121' title='bbox 316 1551 525 1598; x_wconf 86' lang='lat' dir='ltr'><strong>Weberus,</strong></span> <span class='ocrx_word' id='word_1_122' title='bbox 549 1551 703 1590; x_wconf 88' lang='lat' dir='ltr'><strong>Iahnius</strong></span> <span class='ocrx_word' id='word_1_123' title='bbox 729 1561 766 1591; x_wconf 88' lang='lat' dir='ltr'><strong>et</strong></span> <span class='ocrx_word' id='word_1_124' title='bbox 789 1553 989 1592; x_wconf 88' lang='lat' dir='ltr'><strong>Teuffelius</strong></span> <span class='ocrx_word' id='word_1_125' title='bbox 1010 1553 1059 1606; x_wconf 83' lang='lat'><strong>8).</strong></span> <span class='ocrx_word' id='word_1_126' title='bbox 1092 1552 1166 1592; x_wconf 87' lang='lat' dir='ltr'><strong>Sed</strong></span> <span class='ocrx_word' id='word_1_127' title='bbox 1184 1553 1373 1591; x_wconf 90' lang='lat' dir='ltr'><strong>immerito</strong></span> <span class='ocrx_word' id='word_1_128' title='bbox 1392 1551 1506 1590; x_wconf 88' lang='lat' dir='ltr'><strong>Teuf-</strong></span> 
     </span>
     <span class='ocr_line' id='line_1_19' title="bbox 317 1625 1506 1681; baseline -0.001 -18"><span class='ocrx_word' id='word_1_129' title='bbox 317 1625 426 1664; x_wconf 89' lang='lat' dir='ltr'><strong>felius</strong></span> <span class='ocrx_word' id='word_1_130' title='bbox 454 1626 735 1674; x_wconf 89' lang='lat' dir='ltr'><strong>Hermannum,</strong></span> <span class='ocrx_word' id='word_1_131' title='bbox 772 1628 839 1679; x_wconf 88' lang='lat' dir='ltr'><strong>qui</strong></span> <span class='ocrx_word' id='word_1_132' title='bbox 872 1635 958 1681; x_wconf 92' lang='lat' dir='ltr'><strong>post</strong></span> <span class='ocrx_word' id='word_1_133' title='bbox 991 1629 1159 1666; x_wconf 77' lang='lat' dir='ltr'><strong>anhelat</strong></span> <span class='ocrx_word' id='word_1_134' title='bbox 1192 1641 1269 1665; x_wconf 90' lang='lat' dir='ltr'><strong>non</strong></span> <span class='ocrx_word' id='word_1_135' title='bbox 1307 1626 1420 1679; x_wconf 89' lang='lat' dir='ltr'><strong>plene</strong></span> <span class='ocrx_word' id='word_1_136' title='bbox 1449 1625 1506 1662; x_wconf 90' lang='lat' dir='ltr'><strong>di-</strong></span> 
     </span>
    </p>
   </div>
   <div class='ocr_carea' id='block_1_3' title="bbox 318 1700 1507 1756">
    <p class='ocr_par' dir='ltr' id='par_1_4' title="bbox 318 1700 1507 1756">
     <span class='ocr_line' id='line_1_20' title="bbox 318 1700 1507 1756; baseline 0.001 -19"><span class='ocrx_word' id='word_1_137' title='bbox 318 1700 484 1738; x_wconf 84' lang='lat' dir='ltr'><strong>stinxisse</strong></span> <span class='ocrx_word' id='word_1_138' title='bbox 503 1700 652 1740; x_wconf 82' lang='lat' dir='ltr'><strong>videtur</strong></span> <span class='ocrx_word' id='word_1_139' title='bbox 669 1702 729 1752; x_wconf 90' lang='lat'><strong>9),</strong></span> <span class='ocrx_word' id='word_1_140' title='bbox 761 1701 1023 1755; x_wconf 88' lang='lat' dir='ltr'><strong>reprehendit,</strong></span> <span class='ocrx_word' id='word_1_141' title='bbox 1058 1703 1161 1755; x_wconf 92' lang='lat' dir='ltr'><strong>quod</strong></span> <span class='ocrx_word' id='word_1_142' title='bbox 1187 1701 1431 1756; x_wconf 88' lang='lat' dir='ltr'><strong>participium</strong></span> <span class='ocrx_word' id='word_1_143' title='bbox 1453 1700 1507 1738; x_wconf 83' lang='lat' dir='ltr'><strong>le-</strong></span> 
     </span>
    </p>
   </div>
   <div class='ocr_carea' id='block_1_4' title="bbox 313 1816 539 1823">
    <p class='ocr_par' dir='ltr' id='par_1_5' title="bbox 313 1816 539 1823">
     <span class='ocr_line' id='line_1_21' title="bbox 313 1816 539 1823; baseline 0 1290"><span class='ocrx_word' id='word_1_144' title='bbox 313 1816 539 1823; x_wconf 95' lang='lat' dir='ltr'><strong> </strong></span> 
     </span>
    </p>
   </div>
   <div class='ocr_carea' id='block_1_5' title="bbox 316 1885 1509 2584">
    <p class='ocr_par' dir='ltr' id='par_1_6' title="bbox 361 1885 676 1929">
     <span class='ocr_line' id='line_1_22' title="bbox 361 1885 676 1929; baseline 0 -13"><span class='ocrx_word' id='word_1_145' title='bbox 361 1888 389 1928; x_wconf 81' lang='grc'><strong>1)</strong></span> <span class='ocrx_word' id='word_1_146' title='bbox 434 1889 465 1917; x_wconf 91' lang='lat' dir='ltr'><strong>L.</strong></span> <span class='ocrx_word' id='word_1_147' title='bbox 489 1885 512 1916; x_wconf 86' lang='lat' dir='ltr'><strong>l.</strong></span> <span class='ocrx_word' id='word_1_148' title='bbox 534 1896 602 1929; x_wconf 88' lang='lat' dir='ltr'><strong>pag.</strong></span> <span class='ocrx_word' id='word_1_149' title='bbox 626 1890 676 1918; x_wconf 88' lang='lat'><strong>15.</strong></span> 
     </span>
    </p>

    <p class='ocr_par' dir='ltr' id='par_1_7' title="bbox 360 1942 542 1983">
     <span class='ocr_line' id='line_1_23' title="bbox 360 1942 542 1983; baseline 0 -11"><span class='ocrx_word' id='word_1_150' title='bbox 360 1942 390 1983; x_wconf 66' lang='grc' dir='ltr'><strong>ε)</strong></span> <span class='ocrx_word' id='word_1_151' title='bbox 433 1942 464 1972; x_wconf 80' lang='lat' dir='ltr'><strong>P.</strong></span> <span class='ocrx_word' id='word_1_152' title='bbox 491 1942 542 1972; x_wconf 79' lang='lat'><strong>76.</strong></span> 
     </span>
    </p>

    <p class='ocr_par' dir='ltr' id='par_1_8' title="bbox 362 1994 1411 2039">
     <span class='ocr_line' id='line_1_24' title="bbox 362 1994 1411 2039; baseline 0.003 -13"><span class='ocrx_word' id='word_1_153' title='bbox 362 1996 390 2036; x_wconf 80' lang='lat'><strong>³)</strong></span> <span class='ocrx_word' id='word_1_154' title='bbox 435 1995 482 2026; x_wconf 81' lang='lat' dir='ltr'><strong>Ad</strong></span> <span class='ocrx_word' id='word_1_155' title='bbox 504 1996 580 2026; x_wconf 88' lang='lat' dir='ltr'><strong>Stat.</strong></span> <span class='ocrx_word' id='word_1_156' title='bbox 603 1994 697 2027; x_wconf 88' lang='lat' dir='ltr'><strong>Silvv.</strong></span> <span class='ocrx_word' id='word_1_157' title='bbox 720 1997 784 2035; x_wconf 78' lang='lat' dir='ltr'><strong>IV⁷</strong></span> <span class='ocrx_word' id='word_1_158' title='bbox 807 1997 847 2036; x_wconf 86' lang='lat'><strong>5,</strong></span> <span class='ocrx_word' id='word_1_159' title='bbox 871 1996 936 2036; x_wconf 79' lang='lat'><strong>67,</strong></span> <span class='ocrx_word' id='word_1_160' title='bbox 959 2006 1027 2039; x_wconf 88' lang='lat' dir='ltr'><strong>pag.</strong></span> <span class='ocrx_word' id='word_1_161' title='bbox 1051 1997 1138 2037; x_wconf 79' lang='lat'><strong>328,</strong></span> <span class='ocrx_word' id='word_1_162' title='bbox 1160 1996 1192 2028; x_wconf 90' lang='lat' dir='ltr'><strong>h.</strong></span> <span class='ocrx_word' id='word_1_163' title='bbox 1213 1996 1284 2028; x_wconf 86' lang='lat' dir='ltr'><strong>edit.</strong></span> <span class='ocrx_word' id='word_1_164' title='bbox 1308 1997 1411 2029; x_wconf 87' lang='lat' dir='ltr'><strong>Dresd.</strong></span> 
     </span>
    </p>

    <p class='ocr_par' dir='ltr' id='par_1_9' title="bbox 316 2046 1509 2149">
     <span class='ocr_line' id='line_1_25' title="bbox 361 2046 1509 2094; baseline 0.003 -14"><span class='ocrx_word' id='word_1_165' title='bbox 361 2048 390 2091; x_wconf 78' lang='lat'><strong>⁴)</strong></span> <span class='ocrx_word' id='word_1_166' title='bbox 435 2048 477 2080; x_wconf 90' lang='lat' dir='ltr'><strong>Cf.</strong></span> <span class='ocrx_word' id='word_1_167' title='bbox 500 2061 568 2093; x_wconf 85' lang='lat' dir='ltr'><strong>pag.</strong></span> <span class='ocrx_word' id='word_1_168' title='bbox 592 2051 656 2081; x_wconf 81' lang='lat'><strong>255</strong></span> <span class='ocrx_word' id='word_1_169' title='bbox 669 2073 679 2089; x_wconf 82' lang='lat'><strong>‚</strong></span> <span class='ocrx_word' id='word_1_170' title='bbox 702 2060 745 2093; x_wconf 84' lang='lat' dir='ltr'><strong>sq.</strong></span> <span class='ocrx_word' id='word_1_171' title='bbox 768 2050 852 2081; x_wconf 82' lang='lat' dir='ltr'><strong>Fecit</strong></span> <span class='ocrx_word' id='word_1_172' title='bbox 874 2050 968 2082; x_wconf 83' lang='lat' dir='ltr'><strong>etiam</strong></span> <span class='ocrx_word' id='word_1_173' title='bbox 990 2049 1090 2082; x_wconf 86' lang='lat' dir='ltr'><strong>Plum.</strong></span> <span class='ocrx_word' id='word_1_174' title='bbox 1104 2074 1114 2090; x_wconf 89' lang='lat'><strong>,</strong></span> <span class='ocrx_word' id='word_1_175' title='bbox 1137 2051 1191 2094; x_wconf 89' lang='lat' dir='ltr'><strong>qui</strong></span> <span class='ocrx_word' id='word_1_176' title='bbox 1214 2046 1319 2084; x_wconf 77' lang='lat' dir='ltr'><strong>tamen</strong></span> <span class='ocrx_word' id='word_1_177' title='bbox 1341 2052 1433 2084; x_wconf 88' lang='lat' dir='ltr'><strong>ablat.</strong></span> <span class='ocrx_word' id='word_1_178' title='bbox 1461 2062 1509 2083; x_wconf 82' lang='lat' dir='ltr'><strong>re-</strong></span> 
     </span>
     <span class='ocr_line' id='line_1_26' title="bbox 316 2104 579 2149; baseline -0.004 -12"><span class='ocrx_word' id='word_1_179' title='bbox 316 2104 426 2149; x_wconf 87' lang='lat' dir='ltr'><strong>cepisse</strong></span> <span class='ocrx_word' id='word_1_180' title='bbox 447 2104 579 2137; x_wconf 86' lang='lat' dir='ltr'><strong>videtur.</strong></span> 
     </span>
    </p>

    <p class='ocr_par' dir='ltr' id='par_1_10' title="bbox 365 2158 651 2203">
     <span class='ocr_line' id='line_1_27' title="bbox 365 2158 651 2203; baseline 0.003 -13"><span class='ocrx_word' id='word_1_181' title='bbox 365 2159 393 2202; x_wconf 79' lang='lat'><strong>⁵)</strong></span> <span class='ocrx_word' id='word_1_182' title='bbox 439 2158 481 2190; x_wconf 82' lang='lat' dir='ltr'><strong>Cf.</strong></span> <span class='ocrx_word' id='word_1_183' title='bbox 506 2171 574 2203; x_wconf 86' lang='lat' dir='ltr'><strong>pag.</strong></span> <span class='ocrx_word' id='word_1_184' title='bbox 599 2162 651 2191; x_wconf 92' lang='grc'><strong>80.</strong></span> 
     </span>
    </p>

    <p class='ocr_par' dir='ltr' id='par_1_11' title="bbox 316 2211 1507 2419">
     <span class='ocr_line' id='line_1_28' title="bbox 362 2211 1507 2257; baseline 0 -12"><span class='ocrx_word' id='word_1_185' title='bbox 362 2214 390 2256; x_wconf 81' lang='lat'><strong>⁶)</strong></span> <span class='ocrx_word' id='word_1_186' title='bbox 434 2215 503 2257; x_wconf 83' lang='lat' dir='ltr'><strong>Pag.</strong></span> <span class='ocrx_word' id='word_1_187' title='bbox 528 2217 578 2246; x_wconf 90' lang='lat'><strong>81.</strong></span> <span class='ocrx_word' id='word_1_188' title='bbox 603 2216 638 2246; x_wconf 90' lang='lat' dir='ltr'><strong>E.</strong></span> <span class='ocrx_word' id='word_1_189' title='bbox 651 2216 685 2246; x_wconf 90' lang='lat' dir='ltr'><strong>G.</strong></span> <span class='ocrx_word' id='word_1_190' title='bbox 697 2213 838 2254; x_wconf 86' lang='lat' dir='ltr'><strong>Weber.‚</strong></span> <span class='ocrx_word' id='word_1_191' title='bbox 861 2214 915 2257; x_wconf 88' lang='lat' dir='ltr'><strong>qui</strong></span> <span class='ocrx_word' id='word_1_192' title='bbox 936 2211 1097 2256; x_wconf 79' lang='lat' dir='ltr'><strong>vulgatam</strong></span> <span class='ocrx_word' id='word_1_193' title='bbox 1118 2213 1283 2246; x_wconf 81' lang='lat' dir='ltr'><strong>lectionem</strong></span> <span class='ocrx_word' id='word_1_194' title='bbox 1301 2214 1452 2255; x_wconf 85' lang='lat' dir='ltr'><strong>retinuit,</strong></span> <span class='ocrx_word' id='word_1_195' title='bbox 1471 2226 1507 2246; x_wconf 83' lang='lat' dir='ltr'><strong>ex</strong></span> 
     </span>
     <span class='ocr_line' id='line_1_29' title="bbox 316 2268 1507 2310; baseline 0.001 -12"><span class='ocrx_word' id='word_1_196' title='bbox 316 2278 378 2298; x_wconf 82' lang='lat' dir='ltr'><strong>voc.</strong></span> <span class='ocrx_word' id='word_1_197' title='bbox 403 2268 488 2298; x_wconf 80' lang='lat' dir='ltr'><strong>liber</strong></span> <span class='ocrx_word' id='word_1_198' title='bbox 507 2268 545 2298; x_wconf 87' lang='lat' dir='ltr'><strong>ad</strong></span> <span class='ocrx_word' id='word_1_199' title='bbox 559 2269 805 2299; x_wconf 84' lang='lat' dir='ltr'><strong>enunciationem</strong></span> <span class='ocrx_word' id='word_1_200' title='bbox 827 2278 980 2299; x_wconf 65' lang='lat' dir='ltr'><strong>numeros</strong></span> <span class='ocrx_word' id='word_1_201' title='bbox 1001 2268 1059 2299; x_wconf 80' lang='lat' dir='ltr'><strong>ille</strong></span> <span class='ocrx_word' id='word_1_202' title='bbox 1076 2269 1268 2310; x_wconf 9' lang='lat' dir='ltr'><strong>contrarium,</strong></span> <span class='ocrx_word' id='word_1_203' title='bbox 1284 2270 1436 2299; x_wconf 76' lang='lat' dir='ltr'><strong>inclusus</strong></span> <span class='ocrx_word' id='word_1_204' title='bbox 1457 2268 1507 2299; x_wconf 81' lang='lat' dir='ltr'><strong>vel</strong></span> 
     </span>
     <span class='ocr_line' id='line_1_30' title="bbox 318 2319 1506 2365; baseline 0.003 -14"><span class='ocrx_word' id='word_1_205' title='bbox 318 2319 419 2351; x_wconf 84' lang='lat' dir='ltr'><strong>simile</strong></span> <span class='ocrx_word' id='word_1_206' title='bbox 441 2319 515 2363; x_wconf 90' lang='lat' dir='ltr'><strong>quid</strong></span> <span class='ocrx_word' id='word_1_207' title='bbox 538 2320 674 2364; x_wconf 84' lang='lat' dir='ltr'><strong>intelligi</strong></span> <span class='ocrx_word' id='word_1_208' title='bbox 687 2321 755 2353; x_wconf 83' lang='lat' dir='ltr'><strong>vult</strong></span> <span class='ocrx_word' id='word_1_209' title='bbox 768 2346 777 2362; x_wconf 85' lang='lat'>‚</span> <span class='ocrx_word' id='word_1_210' title='bbox 799 2332 867 2365; x_wconf 80' lang='lat' dir='ltr'><strong>pag.</strong></span> <span class='ocrx_word' id='word_1_211' title='bbox 891 2323 934 2352; x_wconf 88' lang='grc'><strong>30</strong></span> <span class='ocrx_word' id='word_1_212' title='bbox 946 2345 955 2361; x_wconf 90' lang='grc'><strong>,</strong></span> <span class='ocrx_word' id='word_1_213' title='bbox 979 2322 1058 2365; x_wconf 84' lang='lat' dir='ltr'><strong>quod</strong></span> <span class='ocrx_word' id='word_1_214' title='bbox 1071 2346 1081 2363; x_wconf 82' lang='lat'><strong>,</strong></span> <span class='ocrx_word' id='word_1_215' title='bbox 1100 2334 1135 2355; x_wconf 88' lang='lat' dir='ltr'><strong>eo</strong></span> <span class='ocrx_word' id='word_1_216' title='bbox 1156 2323 1251 2355; x_wconf 85' lang='lat' dir='ltr'><strong>etiam</strong></span> <span class='ocrx_word' id='word_1_217' title='bbox 1263 2334 1325 2355; x_wconf 94' lang='lat' dir='ltr'><strong>non</strong></span> <span class='ocrx_word' id='word_1_218' title='bbox 1339 2322 1506 2363; x_wconf 76' lang='lat' dir='ltr'><strong>indicante,</strong></span> 
     </span>
     <span class='ocr_line' id='line_1_31' title="bbox 317 2373 1085 2419; baseline 0.001 -11"><span class='ocrx_word' id='word_1_219' title='bbox 317 2375 525 2419; x_wconf 84' lang='lat' dir='ltr'><strong>unusquisque</strong></span> <span class='ocrx_word' id='word_1_220' title='bbox 546 2373 633 2407; x_wconf 84' lang='lat' dir='ltr'><strong>facile</strong></span> <span class='ocrx_word' id='word_1_221' title='bbox 655 2375 826 2419; x_wconf 84' lang='lat' dir='ltr'><strong>intelligit,</strong></span> <span class='ocrx_word' id='word_1_222' title='bbox 849 2376 876 2408; x_wconf 85' lang='lat' dir='ltr'><strong>si</strong></span> <span class='ocrx_word' id='word_1_223' title='bbox 897 2386 1014 2409; x_wconf 84' lang='lat' dir='ltr'><strong>necesse</strong></span> <span class='ocrx_word' id='word_1_224' title='bbox 1035 2376 1085 2410; x_wconf 83' lang='lat' dir='ltr'><strong>sit.</strong></span> 
     </span>
    </p>

    <p class='ocr_par' dir='ltr' id='par_1_12' title="bbox 362 2429 680 2473">
     <span class='ocr_line' id='line_1_32' title="bbox 362 2429 680 2473; baseline 0 -13"><span class='ocrx_word' id='word_1_225' title='bbox 362 2429 391 2471; x_wconf 93' lang='lat'><strong>⁷)</strong></span> <span class='ocrx_word' id='word_1_226' title='bbox 435 2432 467 2461; x_wconf 92' lang='lat' dir='ltr'><strong>L.</strong></span> <span class='ocrx_word' id='word_1_227' title='bbox 490 2429 513 2460; x_wconf 89' lang='lat' dir='ltr'><strong>l.</strong></span> <span class='ocrx_word' id='word_1_228' title='bbox 536 2441 604 2473; x_wconf 84' lang='lat' dir='ltr'><strong>pag.</strong></span> <span class='ocrx_word' id='word_1_229' title='bbox 628 2433 680 2462; x_wconf 88' lang='grc'><strong>16.</strong></span> 
     </span>
    </p>

    <p class='ocr_par' dir='ltr' id='par_1_13' title="bbox 362 2483 581 2528">
     <span class='ocr_line' id='line_1_33' title="bbox 362 2483 581 2528; baseline 0.005 -13"><span class='ocrx_word' id='word_1_230' title='bbox 362 2483 390 2524; x_wconf 84' lang='lat'><strong>⁸)</strong></span> <span class='ocrx_word' id='word_1_231' title='bbox 434 2486 503 2528; x_wconf 87' lang='lat' dir='ltr'><strong>Pag.</strong></span> <span class='ocrx_word' id='word_1_232' title='bbox 528 2486 581 2517; x_wconf 83' lang='lat'><strong>97.</strong></span> 
     </span>
    </p>

    <p class='ocr_par' dir='ltr' id='par_1_14' title="bbox 360 2538 884 2584">
     <span class='ocr_line' id='line_1_34' title="bbox 360 2538 884 2584; baseline -0.002 -13"><span class='ocrx_word' id='word_1_233' title='bbox 360 2538 389 2579; x_wconf 76' lang='lat'><strong>⁹)</strong></span> <span class='ocrx_word' id='word_1_234' title='bbox 433 2541 527 2572; x_wconf 80' lang='lat' dir='ltr'><strong>Lectt.</strong></span> <span class='ocrx_word' id='word_1_235' title='bbox 550 2542 642 2572; x_wconf 88' lang='lat' dir='ltr'><strong>Perss.</strong></span> <span class='ocrx_word' id='word_1_236' title='bbox 666 2542 696 2572; x_wconf 91' lang='grc' dir='ltr'><strong>ΙΙ</strong></span> <span class='ocrx_word' id='word_1_237' title='bbox 710 2564 719 2581; x_wconf 86' lang='grc'><strong>,</strong></span> <span class='ocrx_word' id='word_1_238' title='bbox 742 2550 808 2584; x_wconf 85' lang='lat' dir='ltr'><strong>pag.</strong></span> <span class='ocrx_word' id='word_1_239' title='bbox 833 2541 884 2572; x_wconf 86' lang='lat'><strong>12.</strong></span> 
     </span>
    </p>
   </div>
  </div>
 </body>
</html>
