<?xml version="1.0" encoding="UTF-8"?>
<!DOCTYPE html PUBLIC "-//W3C//DTD XHTML 1.0 Transitional//EN"
    "http://www.w3.org/TR/xhtml1/DTD/xhtml1-transitional.dtd">
<html xmlns="http://www.w3.org/1999/xhtml" xml:lang="en" lang="en">
 <head>
  <title>
</title>
<meta http-equiv="Content-Type" content="text/html;charset=utf-8" />
  <meta name='ocr-system' content='tesseract 3.04.00' />
  <meta name='ocr-capabilities' content='ocr_page ocr_carea ocr_par ocr_line ocrx_word'/>
</head>
<body>
  <div class='ocr_page' id='page_1' title='image "./4627210_0105.png"; bbox 0 0 1857 3113; ppageno 0'>
   <div class='ocr_carea' id='block_1_1' title="bbox 829 260 877 295">
    <p class='ocr_par' dir='ltr' id='par_1_1' title="bbox 829 260 877 295">
     <span class='ocr_line' id='line_1_1' title="bbox 829 260 877 295; baseline 0.021 -1"><span class='ocrx_word' id='word_1_1' title='bbox 829 260 877 295; x_wconf 79' lang='lat'><strong>85</strong></span> 
     </span>
    </p>
   </div>
   <div class='ocr_carea' id='block_1_2' title="bbox 248 363 1453 1969">
    <p class='ocr_par' dir='ltr' id='par_1_2' title="bbox 248 363 1453 1969">
     <span class='ocr_line' id='line_1_2' title="bbox 253 363 1447 419; baseline -0.003 -13"><span class='ocrx_word' id='word_1_2' title='bbox 253 363 413 406; x_wconf 86' lang='lat' dir='ltr'><strong>dictator</strong></span> <span class='ocrx_word' id='word_1_3' title='bbox 441 365 561 405; x_wconf 85' lang='lat' dir='ltr'><strong>dictus</strong></span> <span class='ocrx_word' id='word_1_4' title='bbox 589 371 696 411; x_wconf 85' lang='lat' dir='ltr'><strong>erat,</strong></span> <span class='ocrx_word' id='word_1_5' title='bbox 727 364 799 403; x_wconf 89' lang='lat' dir='ltr'><strong>hoc</strong></span> <span class='ocrx_word' id='word_1_6' title='bbox 827 365 980 404; x_wconf 88' lang='lat' dir='ltr'><strong>nomine</strong></span> <span class='ocrx_word' id='word_1_7' title='bbox 1004 365 1084 403; x_wconf 90' lang='lat' dir='ltr'><strong>iure</strong></span> <span class='ocrx_word' id='word_1_8' title='bbox 1104 364 1285 419; x_wconf 88' lang='lat' dir='ltr'><strong>appellari</strong></span> <span class='ocrx_word' id='word_1_9' title='bbox 1303 365 1447 418; x_wconf 86' lang='lat' dir='ltr'><strong>potuit;</strong></span> 
     </span>
     <span class='ocr_line' id='line_1_3' title="bbox 251 441 1449 494; baseline -0.003 -13"><span class='ocrx_word' id='word_1_10' title='bbox 251 451 444 494; x_wconf 84' lang='lat' dir='ltr'><strong>praeterea</strong></span> <span class='ocrx_word' id='word_1_11' title='bbox 474 441 640 478; x_wconf 80' lang='lat' dir='ltr'><strong>induere</strong></span> <span class='ocrx_word' id='word_1_12' title='bbox 667 442 905 479; x_wconf 74' lang='lat' dir='ltr'><strong>dictatorem</strong></span> <span class='ocrx_word' id='word_1_13' title='bbox 934 441 1142 493; x_wconf 89' lang='lat' dir='ltr'><strong>proleptice</strong></span> <span class='ocrx_word' id='word_1_14' title='bbox 1171 441 1290 494; x_wconf 86' lang='lat' dir='ltr'><strong>accipi</strong></span> <span class='ocrx_word' id='word_1_15' title='bbox 1304 448 1449 493; x_wconf 88' lang='lat' dir='ltr'><strong>potest,</strong></span> 
     </span>
     <span class='ocr_line' id='line_1_4' title="bbox 253 513 1451 566; baseline 0 -14"><span class='ocrx_word' id='word_1_16' title='bbox 253 522 295 553; x_wconf 91' lang='lat' dir='ltr'><strong>ut</strong></span> <span class='ocrx_word' id='word_1_17' title='bbox 336 514 425 552; x_wconf 87' lang='lat' dir='ltr'><strong>fecit</strong></span> <span class='ocrx_word' id='word_1_18' title='bbox 465 513 578 551; x_wconf 84' lang='lat' dir='ltr'><strong>etiam</strong></span> <span class='ocrx_word' id='word_1_19' title='bbox 622 513 860 553; x_wconf 86' lang='lat' dir='ltr'><strong>Heinriehius</strong></span> <span class='ocrx_word' id='word_1_20' title='bbox 893 515 951 565; x_wconf 91' lang='lat'><strong>1),</strong></span> <span class='ocrx_word' id='word_1_21' title='bbox 982 528 1057 566; x_wconf 91' lang='lat' dir='ltr'><strong>quo</strong></span> <span class='ocrx_word' id='word_1_22' title='bbox 1088 514 1293 566; x_wconf 83' lang='lat' dir='ltr'><strong>significat:</strong></span> <span class='ocrx_word' id='word_1_23' title='bbox 1327 514 1451 552; x_wconf 86' lang='lat' dir='ltr'><strong>induit</strong></span> 
     </span>
     <span class='ocr_line' id='line_1_5' title="bbox 252 587 1452 627; baseline 0 -2"><span class='ocrx_word' id='word_1_24' title='bbox 252 595 294 625; x_wconf 92' lang='lat' dir='ltr'><strong>ut</strong></span> <span class='ocrx_word' id='word_1_25' title='bbox 332 589 402 625; x_wconf 86' lang='lat' dir='ltr'><strong>rite</strong></span> <span class='ocrx_word' id='word_1_26' title='bbox 437 587 598 624; x_wconf 87' lang='lat' dir='ltr'><strong>dictator</strong></span> <span class='ocrx_word' id='word_1_27' title='bbox 631 596 737 627; x_wconf 89' lang='lat' dir='ltr'><strong>esset.</strong></span> <span class='ocrx_word' id='word_1_28' title='bbox 797 590 902 627; x_wconf 87' lang='lat' dir='ltr'>Licet</span> <span class='ocrx_word' id='word_1_29' title='bbox 930 597 1056 627; x_wconf 89' lang='lat' dir='ltr'><strong>autem</strong></span> <span class='ocrx_word' id='word_1_30' title='bbox 1085 589 1253 626; x_wconf 71' lang='lat' dir='ltr'><strong>induere</strong></span> <span class='ocrx_word' id='word_1_31' title='bbox 1281 588 1452 625; x_wconf 88' lang='lat' dir='ltr'><strong>absolute</strong></span> 
     </span>
     <span class='ocr_line' id='line_1_6' title="bbox 250 661 1450 717; baseline 0 -17"><span class='ocrx_word' id='word_1_32' title='bbox 250 662 414 715; x_wconf 90' lang='lat' dir='ltr'><strong>positum</strong></span> <span class='ocrx_word' id='word_1_33' title='bbox 443 661 543 715; x_wconf 90' lang='lat' dir='ltr'><strong>apud</strong></span> <span class='ocrx_word' id='word_1_34' title='bbox 563 662 653 700; x_wconf 90' lang='lat' dir='ltr'><strong>alios</strong></span> <span class='ocrx_word' id='word_1_35' title='bbox 697 663 892 717; x_wconf 84' lang='lat' dir='ltr'><strong>scriptores</strong></span> <span class='ocrx_word' id='word_1_36' title='bbox 923 664 1046 702; x_wconf 89' lang='lat' dir='ltr'><strong>Persio</strong></span> <span class='ocrx_word' id='word_1_37' title='bbox 1077 663 1253 715; x_wconf 80' lang='lat' dir='ltr'>aequales</span> <span class='ocrx_word' id='word_1_38' title='bbox 1281 676 1359 701; x_wconf 90' lang='lat' dir='ltr'><strong>non</strong></span> <span class='ocrx_word' id='word_1_39' title='bbox 1387 675 1450 700; x_wconf 88' lang='lat' dir='ltr'><strong>oc—</strong></span> 
     </span>
     <span class='ocr_line' id='line_1_7' title="bbox 252 736 1450 789; baseline -0.002 -15"><span class='ocrx_word' id='word_1_40' title='bbox 252 744 405 782; x_wconf 80' lang='lat' dir='ltr'><strong>currat,</strong></span> <span class='ocrx_word' id='word_1_41' title='bbox 450 737 581 774; x_wconf 88' lang='lat' dir='ltr'><strong>eodem</strong></span> <span class='ocrx_word' id='word_1_42' title='bbox 611 744 737 774; x_wconf 81' lang='lat' dir='ltr'><strong>tamen</strong></span> <span class='ocrx_word' id='word_1_43' title='bbox 767 738 881 775; x_wconf 90' lang='lat' dir='ltr'><strong>modo</strong></span> <span class='ocrx_word' id='word_1_44' title='bbox 910 738 1049 789; x_wconf 82' lang='lat' dir='ltr'><strong>legitur</strong></span> <span class='ocrx_word' id='word_1_45' title='bbox 1078 738 1320 789; x_wconf 83' lang='lat' dir='ltr'><strong>participium</strong></span> <span class='ocrx_word' id='word_1_46' title='bbox 1350 736 1450 788; x_wconf 90' lang='lat' dir='ltr'><strong>apud</strong></span> 
     </span>
     <span class='ocr_line' id='line_1_8' title="bbox 251 809 1453 864; baseline -0.001 -16"><span class='ocrx_word' id='word_1_47' title='bbox 251 818 420 848; x_wconf 80' lang='lat' dir='ltr'><strong>nostrum</strong></span> <span class='ocrx_word' id='word_1_48' title='bbox 453 809 532 848; x_wconf 89' lang='lat' dir='ltr'><strong>Sat.</strong></span> <span class='ocrx_word' id='word_1_49' title='bbox 549 810 621 856; x_wconf 92' lang='lat' dir='ltr'>III,</span> <span class='ocrx_word' id='word_1_50' title='bbox 655 812 747 848; x_wconf 88' lang='lat'>106:</span> <span class='ocrx_word' id='word_1_51' title='bbox 781 811 937 864; x_wconf 88' lang='lat' dir='ltr'><strong>»capite</strong></span> <span class='ocrx_word' id='word_1_52' title='bbox 966 809 1155 857; x_wconf 75' lang='lat' dir='ltr'><strong>induto‚&#39;&#39;</strong></span> <span class='ocrx_word' id='word_1_53' title='bbox 1188 810 1255 848; x_wconf 90' lang='lat' dir='ltr'><strong>ubi</strong></span> <span class='ocrx_word' id='word_1_54' title='bbox 1283 809 1453 848; x_wconf 84' lang='lat' dir='ltr'><strong>similiter</strong></span> 
     </span>
     <span class='ocr_line' id='line_1_9' title="bbox 250 881 1451 936; baseline -0.001 -16"><span class='ocrx_word' id='word_1_55' title='bbox 250 881 391 921; x_wconf 91' lang='lat' dir='ltr'><strong>dictum</strong></span> <span class='ocrx_word' id='word_1_56' title='bbox 421 890 475 921; x_wconf 88' lang='lat' dir='ltr'><strong>est</strong></span> <span class='ocrx_word' id='word_1_57' title='bbox 504 882 551 920; x_wconf 86' lang='lat' dir='ltr'><strong>de</strong></span> <span class='ocrx_word' id='word_1_58' title='bbox 579 883 737 921; x_wconf 82' lang='lat' dir='ltr'><strong>solemni</strong></span> <span class='ocrx_word' id='word_1_59' title='bbox 764 884 965 936; x_wconf 81' lang='lat' dir='ltr'><strong>insignium</strong></span> <span class='ocrx_word' id='word_1_60' title='bbox 996 884 1189 922; x_wconf 87' lang='lat' dir='ltr'><strong>oblatione</strong></span> <span class='ocrx_word' id='word_1_61' title='bbox 1217 897 1292 935; x_wconf 92' lang='lat' dir='ltr'><strong>qua</strong></span> <span class='ocrx_word' id='word_1_62' title='bbox 1310 896 1451 920; x_wconf 89' lang='lat' dir='ltr'><strong>munus</strong></span> 
     </span>
     <span class='ocr_line' id='line_1_10' title="bbox 251 956 1447 1012; baseline 0.003 -19"><span class='ocrx_word' id='word_1_63' title='bbox 251 956 310 994; x_wconf 83' lang='lat' dir='ltr'><strong>vel</strong></span> <span class='ocrx_word' id='word_1_64' title='bbox 347 957 625 997; x_wconf 88' lang='lat' dir='ltr'><strong>immunitatem</strong></span> <span class='ocrx_word' id='word_1_65' title='bbox 666 959 801 1011; x_wconf 90' lang='lat' dir='ltr'><strong>aliquis</strong></span> <span class='ocrx_word' id='word_1_66' title='bbox 845 960 1017 1012; x_wconf 86' lang='lat' dir='ltr'><strong>accipiat.</strong></span> <span class='ocrx_word' id='word_1_67' title='bbox 1078 958 1140 998; x_wconf 84' lang='lat' dir='ltr'><strong>Sic</strong></span> <span class='ocrx_word' id='word_1_68' title='bbox 1182 959 1282 1012; x_wconf 90' lang='lat' dir='ltr'><strong>apud</strong></span> <span class='ocrx_word' id='word_1_69' title='bbox 1311 958 1447 998; x_wconf 86' lang='lat' dir='ltr'>Claud.</span> 
     </span>
     <span class='ocr_line' id='line_1_11' title="bbox 252 1032 1451 1087; baseline 0.001 -17"><span class='ocrx_word' id='word_1_70' title='bbox 252 1033 298 1071; x_wconf 84' lang='lat' dir='ltr'><strong>de</strong></span> <span class='ocrx_word' id='word_1_71' title='bbox 327 1033 381 1071; x_wconf 87' lang='lat' dir='ltr'><strong>VI</strong></span> <span class='ocrx_word' id='word_1_72' title='bbox 410 1032 522 1074; x_wconf 89' lang='lat' dir='ltr'><strong>Cons.</strong></span> <span class='ocrx_word' id='word_1_73' title='bbox 554 1035 696 1074; x_wconf 85' lang='lat' dir='ltr'>Honor.</span> <span class='ocrx_word' id='word_1_74' title='bbox 729 1050 763 1074; x_wconf 83' lang='lat' dir='ltr'><strong>v.</strong></span> <span class='ocrx_word' id='word_1_75' title='bbox 796 1037 889 1082; x_wconf 84' lang='lat'><strong>650,</strong></span> <span class='ocrx_word' id='word_1_76' title='bbox 921 1049 1016 1087; x_wconf 88' lang='lat' dir='ltr'><strong>seq.:</strong></span> <span class='ocrx_word' id='word_1_77' title='bbox 1051 1049 1075 1072; x_wconf 88' lang='lat'><strong>&gt;›</strong></span> <span class='ocrx_word' id='word_1_78' title='bbox 1097 1048 1208 1087; x_wconf 90' lang='lat' dir='ltr'><strong>quem</strong></span> <span class='ocrx_word' id='word_1_79' title='bbox 1230 1048 1307 1072; x_wconf 93' lang='lat' dir='ltr'><strong>non</strong></span> <span class='ocrx_word' id='word_1_80' title='bbox 1328 1033 1451 1072; x_wconf 87' lang='lat' dir='ltr'><strong>aliena</strong></span> 
     </span>
     <span class='ocr_line' id='line_1_12' title="bbox 250 1108 1450 1164; baseline -0.002 -17"><span class='ocrx_word' id='word_1_81' title='bbox 250 1123 318 1162; x_wconf 88' lang='lat' dir='ltr'><strong>per</strong></span> <span class='ocrx_word' id='word_1_82' title='bbox 345 1123 429 1148; x_wconf 90' lang='lat' dir='ltr'><strong>arva</strong></span> <span class='ocrx_word' id='word_1_83' title='bbox 458 1108 603 1148; x_wconf 65' lang='lat' dir='ltr'><strong>Indu-ct</strong></span> <span class='ocrx_word' id='word_1_84' title='bbox 632 1110 764 1164; x_wconf 86' lang='lat' dir='ltr'>hospes</span> <span class='ocrx_word' id='word_1_85' title='bbox 794 1110 958 1149; x_wconf 85' lang='lat' dir='ltr'><strong>honos.&#39;’</strong></span> <span class='ocrx_word' id='word_1_86' title='bbox 1017 1109 1200 1149; x_wconf 83' lang='lat' dir='ltr'><strong>Similiter</strong></span> <span class='ocrx_word' id='word_1_87' title='bbox 1228 1109 1450 1148; x_wconf 86' lang='lat' dir='ltr'><strong>Lactantius</strong></span> 
     </span>
     <span class='ocr_line' id='line_1_13' title="bbox 253 1183 1452 1237; baseline -0.002 -15"><span class='ocrx_word' id='word_1_88' title='bbox 253 1186 360 1236; x_wconf 87' lang='lat' dir='ltr'><strong>(qui,</strong></span> <span class='ocrx_word' id='word_1_89' title='bbox 398 1193 439 1223; x_wconf 93' lang='lat' dir='ltr'><strong>ut</strong></span> <span class='ocrx_word' id='word_1_90' title='bbox 467 1186 594 1237; x_wconf 90' lang='lat' dir='ltr'><strong>plures</strong></span> <span class='ocrx_word' id='word_1_91' title='bbox 624 1187 778 1223; x_wconf 90' lang='lat' dir='ltr'><strong>Patrum</strong></span> <span class='ocrx_word' id='word_1_92' title='bbox 809 1186 988 1222; x_wconf 86' lang='lat' dir='ltr'><strong>ecclesiae</strong></span> <span class='ocrx_word' id='word_1_93' title='bbox 1006 1214 1016 1229; x_wconf 88' lang='lat'>‚</span> <span class='ocrx_word' id='word_1_94' title='bbox 1065 1184 1216 1221; x_wconf 88' lang='lat' dir='ltr'><strong>Satirici</strong></span> <span class='ocrx_word' id='word_1_95' title='bbox 1243 1184 1360 1221; x_wconf 88' lang='lat' dir='ltr'><strong>nostri</strong></span> <span class='ocrx_word' id='word_1_96' title='bbox 1397 1183 1452 1220; x_wconf 89' lang='lat' dir='ltr'><strong>le-</strong></span> 
     </span>
     <span class='ocr_line' id='line_1_14' title="bbox 251 1257 1449 1311; baseline -0.001 -14"><span class='ocrx_word' id='word_1_97' title='bbox 251 1260 374 1298; x_wconf 81' lang='lat' dir='ltr'><strong>ctione</strong></span> <span class='ocrx_word' id='word_1_98' title='bbox 403 1259 654 1311; x_wconf 78' lang='lat' dir='ltr'><strong>maximopere</strong></span> <span class='ocrx_word' id='word_1_99' title='bbox 682 1258 944 1296; x_wconf 84' lang='lat' dir='ltr'><strong>delectabatur</strong></span> <span class='ocrx_word' id='word_1_100' title='bbox 963 1257 1022 1310; x_wconf 85' lang='lat'><strong>2))</strong></span> <span class='ocrx_word' id='word_1_101' title='bbox 1044 1258 1091 1295; x_wconf 89' lang='lat' dir='ltr'><strong>de</strong></span> <span class='ocrx_word' id='word_1_102' title='bbox 1120 1257 1248 1295; x_wconf 89' lang='lat' dir='ltr'><strong>Mortt.</strong></span> <span class='ocrx_word' id='word_1_103' title='bbox 1281 1257 1449 1296; x_wconf 87' lang='lat' dir='ltr'><strong>Persecc.</strong></span> 
     </span>
     <span class='ocr_line' id='line_1_15' title="bbox 250 1331 1451 1383; baseline 0 -13"><span class='ocrx_word' id='word_1_104' title='bbox 250 1346 285 1371; x_wconf 86' lang='lat' dir='ltr'><strong>c.</strong></span> <span class='ocrx_word' id='word_1_105' title='bbox 317 1332 472 1378; x_wconf 85' lang='lat' dir='ltr'>XVIII,</span> <span class='ocrx_word' id='word_1_106' title='bbox 518 1335 563 1369; x_wconf 90' lang='lat'><strong>12</strong></span> <span class='ocrx_word' id='word_1_107' title='bbox 594 1332 656 1383; x_wconf 88' lang='lat' dir='ltr'><strong>(ad</strong></span> <span class='ocrx_word' id='word_1_108' title='bbox 690 1347 803 1383; x_wconf 89' lang='lat' dir='ltr'><strong>quem</strong></span> <span class='ocrx_word' id='word_1_109' title='bbox 832 1332 961 1369; x_wconf 88' lang='lat' dir='ltr'><strong>locum</strong></span> <span class='ocrx_word' id='word_1_110' title='bbox 991 1331 1038 1369; x_wconf 86' lang='lat' dir='ltr'><strong>cf.</strong></span> <span class='ocrx_word' id='word_1_111' title='bbox 1072 1331 1274 1382; x_wconf 88' lang='lat' dir='ltr'><strong>Buenem.)</strong></span> <span class='ocrx_word' id='word_1_112' title='bbox 1305 1333 1451 1383; x_wconf 77' lang='lat' dir='ltr'><strong>passivo</strong></span> 
     </span>
     <span class='ocr_line' id='line_1_16' title="bbox 250 1403 1450 1457; baseline -0.001 -13"><span class='ocrx_word' id='word_1_113' title='bbox 250 1419 338 1444; x_wconf 90' lang='lat' dir='ltr'><strong>usus</strong></span> <span class='ocrx_word' id='word_1_114' title='bbox 367 1413 434 1444; x_wconf 89' lang='lat' dir='ltr'><strong>est:</strong></span> <span class='ocrx_word' id='word_1_115' title='bbox 468 1413 546 1443; x_wconf 83' lang='lat' dir='ltr'><strong>»ut</strong></span> <span class='ocrx_word' id='word_1_116' title='bbox 574 1405 621 1442; x_wconf 89' lang='lat' dir='ltr'><strong>ab</strong></span> <span class='ocrx_word' id='word_1_117' title='bbox 651 1419 695 1443; x_wconf 90' lang='lat' dir='ltr'><strong>eo</strong></span> <span class='ocrx_word' id='word_1_118' title='bbox 713 1404 957 1443; x_wconf 79' lang='lat' dir='ltr'><strong>induatur.⁷&#39;</strong></span> <span class='ocrx_word' id='word_1_119' title='bbox 989 1403 1143 1457; x_wconf 87' lang='lat' dir='ltr'><strong>Saepius</strong></span> <span class='ocrx_word' id='word_1_120' title='bbox 1163 1414 1289 1444; x_wconf 86' lang='lat' dir='ltr'><strong>autem</strong></span> <span class='ocrx_word' id='word_1_121' title='bbox 1306 1419 1450 1443; x_wconf 78' lang='lat' dir='ltr'><strong>exuere</strong></span> 
     </span>
     <span class='ocr_line' id='line_1_17' title="bbox 251 1480 1447 1533; baseline -0.002 -14"><span class='ocrx_word' id='word_1_122' title='bbox 251 1480 420 1519; x_wconf 85' lang='lat' dir='ltr'><strong>absolute</strong></span> <span class='ocrx_word' id='word_1_123' title='bbox 449 1488 630 1532; x_wconf 85' lang='lat' dir='ltr'><strong>usurpant</strong></span> <span class='ocrx_word' id='word_1_124' title='bbox 660 1481 880 1533; x_wconf 87' lang='lat' dir='ltr'><strong>scriptores;</strong></span> <span class='ocrx_word' id='word_1_125' title='bbox 926 1493 981 1518; x_wconf 85' lang='lat' dir='ltr'><strong>ex.</strong></span> <span class='ocrx_word' id='word_1_126' title='bbox 1013 1494 1068 1531; x_wconf 86' lang='lat' dir='ltr'><strong>gr.</strong></span> <span class='ocrx_word' id='word_1_127' title='bbox 1101 1480 1211 1518; x_wconf 84' lang='lat' dir='ltr'><strong>Mart.</strong></span> <span class='ocrx_word' id='word_1_128' title='bbox 1244 1480 1328 1526; x_wconf 92' lang='lat' dir='ltr'>III,</span> <span class='ocrx_word' id='word_1_129' title='bbox 1367 1481 1418 1517; x_wconf 85' lang='lat'><strong>68</strong></span> <span class='ocrx_word' id='word_1_130' title='bbox 1438 1509 1447 1525; x_wconf 94' lang='lat'>‚</span> 
     </span>
     <span class='ocr_line' id='line_1_18' title="bbox 252 1552 1446 1606; baseline -0.001 -14"><span class='ocrx_word' id='word_1_131' title='bbox 252 1557 299 1592; x_wconf 90' lang='lat'><strong>4:</strong></span> <span class='ocrx_word' id='word_1_132' title='bbox 342 1557 525 1592; x_wconf 72' lang='lat' dir='ltr'><strong>exuimur</strong></span> <span class='ocrx_word' id='word_1_133' title='bbox 549 1562 586 1592; x_wconf 88' lang='lat' dir='ltr'><strong>et</strong></span> <span class='ocrx_word' id='word_1_134' title='bbox 615 1554 700 1592; x_wconf 83' lang='lat' dir='ltr'><strong>Tac.</strong></span> <span class='ocrx_word' id='word_1_135' title='bbox 724 1554 822 1592; x_wconf 83' lang='lat' dir='ltr'><strong>Ann.</strong></span> <span class='ocrx_word' id='word_1_136' title='bbox 844 1555 881 1600; x_wconf 92' lang='lat' dir='ltr'><strong>I,</strong></span> <span class='ocrx_word' id='word_1_137' title='bbox 903 1556 951 1591; x_wconf 83' lang='lat'><strong>2:</strong></span> <span class='ocrx_word' id='word_1_138' title='bbox 994 1568 1019 1590; x_wconf 84' lang='lat'>»</span> <span class='ocrx_word' id='word_1_139' title='bbox 1034 1559 1226 1606; x_wconf 79' lang='lat' dir='ltr'><strong>exutoque</strong></span> <span class='ocrx_word' id='word_1_140' title='bbox 1253 1552 1446 1606; x_wconf 83' lang='lat' dir='ltr'><strong>Lepido‚&#39;&#39;</strong></span> 
     </span>
     <span class='ocr_line' id='line_1_19' title="bbox 250 1628 1447 1681; baseline -0.003 -14"><span class='ocrx_word' id='word_1_141' title='bbox 250 1630 314 1668; x_wconf 88' lang='lat' dir='ltr'><strong>uhi</strong></span> <span class='ocrx_word' id='word_1_142' title='bbox 345 1630 516 1667; x_wconf 88' lang='lat' dir='ltr'><strong>similiter</strong></span> <span class='ocrx_word' id='word_1_143' title='bbox 544 1629 591 1667; x_wconf 89' lang='lat' dir='ltr'><strong>de</strong></span> <span class='ocrx_word' id='word_1_144' title='bbox 620 1644 776 1667; x_wconf 88' lang='lat' dir='ltr'><strong>munere</strong></span> <span class='ocrx_word' id='word_1_145' title='bbox 806 1630 863 1667; x_wconf 87' lang='lat' dir='ltr'><strong>vel</strong></span> <span class='ocrx_word' id='word_1_146' title='bbox 891 1630 1049 1681; x_wconf 77' lang='lat' dir='ltr'><strong>imperIO</strong></span> <span class='ocrx_word' id='word_1_147' title='bbox 1078 1629 1218 1667; x_wconf 87' lang='lat' dir='ltr'><strong>dicitur</strong></span> <span class='ocrx_word' id='word_1_148' title='bbox 1246 1628 1349 1680; x_wconf 87' lang='lat' dir='ltr'><strong>quod</strong></span> <span class='ocrx_word' id='word_1_149' title='bbox 1374 1628 1447 1665; x_wconf 87' lang='lat' dir='ltr'><strong>Le·</strong></span> 
     </span>
     <span class='ocr_line' id='line_1_20' title="bbox 248 1701 1449 1756; baseline -0.002 -15"><span class='ocrx_word' id='word_1_150' title='bbox 248 1703 335 1756; x_wconf 88' lang='lat' dir='ltr'><strong>pido</strong></span> <span class='ocrx_word' id='word_1_151' title='bbox 364 1702 629 1748; x_wconf 84' lang='lat' dir='ltr'><strong>auferebatur,</strong></span> <span class='ocrx_word' id='word_1_152' title='bbox 662 1716 737 1755; x_wconf 92' lang='lat' dir='ltr'><strong>quo</strong></span> <span class='ocrx_word' id='word_1_153' title='bbox 766 1716 875 1740; x_wconf 82' lang='lat' dir='ltr'><strong>sensu</strong></span> <span class='ocrx_word' id='word_1_154' title='bbox 903 1716 1029 1740; x_wconf 91' lang='lat' dir='ltr'><strong>rursus</strong></span> <span class='ocrx_word' id='word_1_155' title='bbox 1050 1702 1148 1755; x_wconf 90' lang='lat' dir='ltr'><strong>apud</strong></span> <span class='ocrx_word' id='word_1_156' title='bbox 1183 1701 1345 1740; x_wconf 89' lang='lat' dir='ltr'><strong>eundem</strong></span> <span class='ocrx_word' id='word_1_157' title='bbox 1377 1701 1449 1738; x_wconf 88' lang='lat' dir='ltr'><strong>La-</strong></span> 
     </span>
     <span class='ocr_line' id='line_1_21' title="bbox 249 1775 1449 1826; baseline -0.003 -11"><span class='ocrx_word' id='word_1_158' title='bbox 249 1778 431 1816; x_wconf 88' lang='lat' dir='ltr'><strong>ctantium</strong></span> <span class='ocrx_word' id='word_1_159' title='bbox 461 1778 499 1814; x_wconf 91' lang='lat' dir='ltr'><strong>in</strong></span> <span class='ocrx_word' id='word_1_160' title='bbox 528 1777 662 1815; x_wconf 89' lang='lat' dir='ltr'><strong>eodem</strong></span> <span class='ocrx_word' id='word_1_161' title='bbox 690 1777 820 1815; x_wconf 88' lang='lat' dir='ltr'><strong>libello</strong></span> <span class='ocrx_word' id='word_1_162' title='bbox 850 1778 1034 1822; x_wconf 83' lang='lat' dir='ltr'><strong>occurrit,</strong></span> <span class='ocrx_word' id='word_1_163' title='bbox 1066 1790 1099 1815; x_wconf 87' lang='lat' dir='ltr'><strong>c.</strong></span> <span class='ocrx_word' id='word_1_164' title='bbox 1131 1776 1199 1822; x_wconf 88' lang='lat' dir='ltr'><strong>IX,</strong></span> <span class='ocrx_word' id='word_1_165' title='bbox 1234 1778 1281 1812; x_wconf 96' lang='grc'><strong>10</strong></span> <span class='ocrx_word' id='word_1_166' title='bbox 1304 1775 1449 1826; x_wconf 88' lang='lat' dir='ltr'><strong>(ibique</strong></span> 
     </span>
     <span class='ocr_line' id='line_1_22' title="bbox 248 1847 1448 1902; baseline -0.003 -14"><span class='ocrx_word' id='word_1_167' title='bbox 248 1851 408 1902; x_wconf 89' lang='lat' dir='ltr'><strong>Buen.):</strong></span> <span class='ocrx_word' id='word_1_168' title='bbox 442 1856 597 1888; x_wconf 79' lang='lat' dir='ltr'><strong>»exulo</strong></span> <span class='ocrx_word' id='word_1_169' title='bbox 626 1849 783 1888; x_wconf 90' lang='lat' dir='ltr'><strong>socero&#39;’</strong></span> <span class='ocrx_word' id='word_1_170' title='bbox 813 1858 850 1888; x_wconf 87' lang='lat' dir='ltr'><strong>et</strong></span> <span class='ocrx_word' id='word_1_171' title='bbox 879 1864 912 1889; x_wconf 91' lang='lat' dir='ltr'><strong>c.</strong></span> <span class='ocrx_word' id='word_1_172' title='bbox 946 1850 1042 1896; x_wconf 84' lang='lat' dir='ltr'><strong>XX,</strong></span> <span class='ocrx_word' id='word_1_173' title='bbox 1076 1852 1123 1886; x_wconf 90' lang='lat'><strong>2:</strong></span> <span class='ocrx_word' id='word_1_174' title='bbox 1160 1847 1448 1885; x_wconf 80' lang='lat' dir='ltr'><strong>»hunc—vel</strong></span> 
     </span>
     <span class='ocr_line' id='line_1_23' title="bbox 249 1922 1444 1969; baseline -0.001 -7"><span class='ocrx_word' id='word_1_175' title='bbox 249 1924 408 1962; x_wconf 84' lang='lat' dir='ltr'><strong>invitum</strong></span> <span class='ocrx_word' id='word_1_176' title='bbox 437 1938 580 1962; x_wconf 70' lang='lat' dir='ltr'><strong>exuere</strong></span> <span class='ocrx_word' id='word_1_177' title='bbox 614 1925 723 1963; x_wconf 82' lang='lat' dir='ltr'><strong>facile</strong></span> <span class='ocrx_word' id='word_1_178' title='bbox 752 1923 992 1963; x_wconf 86' lang='lat' dir='ltr'><strong>videbatur.&#39;&#39;</strong></span> <span class='ocrx_word' id='word_1_179' title='bbox 1022 1946 1075 1952; x_wconf 89' lang='lat'>—</span> <span class='ocrx_word' id='word_1_180' title='bbox 1105 1922 1283 1962; x_wconf 88' lang='lat' dir='ltr'><strong>Ceterum</strong></span> <span class='ocrx_word' id='word_1_181' title='bbox 1314 1923 1444 1969; x_wconf 76' lang='lat' dir='ltr'><strong>verba,</strong></span> 
     </span>
    </p>
   </div>
   <div class='ocr_carea' id='block_1_3' title="bbox 249 1996 1447 2052">
    <p class='ocr_par' dir='ltr' id='par_1_3' title="bbox 249 1996 1447 2052">
     <span class='ocr_line' id='line_1_24' title="bbox 249 1996 1447 2052; baseline 0.001 -17"><span class='ocrx_word' id='word_1_182' title='bbox 249 1997 352 2035; x_wconf 83' lang='lat' dir='ltr'><strong>unde</strong></span> <span class='ocrx_word' id='word_1_183' title='bbox 380 1996 528 2036; x_wconf 76' lang='lat' dir='ltr'><strong>Remus</strong></span> <span class='ocrx_word' id='word_1_184' title='bbox 547 2021 601 2028; x_wconf 90' lang='lat'><strong>-—-</strong></span> <span class='ocrx_word' id='word_1_185' title='bbox 620 2000 729 2046; x_wconf 66' lang='lat' dir='ltr'><strong>tulit,</strong></span> <span class='ocrx_word' id='word_1_186' title='bbox 761 2000 798 2037; x_wconf 91' lang='lat' dir='ltr'><strong>in</strong></span> <span class='ocrx_word' id='word_1_187' title='bbox 827 1998 1040 2052; x_wconf 81' lang='lat' dir='ltr'><strong>parenthesi</strong></span> <span class='ocrx_word' id='word_1_188' title='bbox 1063 1999 1189 2052; x_wconf 88' lang='lat' dir='ltr'><strong>posuit</strong></span> <span class='ocrx_word' id='word_1_189' title='bbox 1207 1997 1447 2036; x_wconf 87' lang='lat' dir='ltr'><strong>Heinrichius</strong></span> 
     </span>
    </p>
   </div>
   <div class='ocr_carea' id='block_1_4' title="bbox 249 2072 1447 2200">
    <p class='ocr_par' dir='ltr' id='par_1_4' title="bbox 249 2072 1447 2200">
     <span class='ocr_line' id='line_1_25' title="bbox 250 2072 1446 2128; baseline 0.002 -17"><span class='ocrx_word' id='word_1_190' title='bbox 250 2081 287 2112; x_wconf 88' lang='lat' dir='ltr'><strong>et</strong></span> <span class='ocrx_word' id='word_1_191' title='bbox 315 2072 432 2125; x_wconf 75' lang='lat' dir='ltr'><strong>Euqe</strong></span> <span class='ocrx_word' id='word_1_192' title='bbox 451 2080 576 2127; x_wconf 75' lang='lat' dir='ltr'><strong>poeta</strong></span> <span class='ocrx_word' id='word_1_193' title='bbox 605 2089 691 2113; x_wconf 88' lang='lat' dir='ltr'><strong>cum</strong></span> <span class='ocrx_word' id='word_1_194' title='bbox 706 2075 1018 2128; x_wconf 86' lang='lat' dir='ltr'><strong>praecedentibus</strong></span> <span class='ocrx_word' id='word_1_195' title='bbox 1037 2074 1348 2127; x_wconf 77' lang='lat' dir='ltr'><strong>coniungendam</strong></span> <span class='ocrx_word' id='word_1_196' title='bbox 1368 2089 1446 2113; x_wconf 86' lang='lat' dir='ltr'><strong>esse</strong></span> 
     </span>
     <span class='ocr_line' id='line_1_26' title="bbox 249 2147 1447 2200; baseline 0.002 -14"><span class='ocrx_word' id='word_1_197' title='bbox 249 2147 361 2194; x_wconf 80' lang='lat' dir='ltr'><strong>dixit,</strong></span> <span class='ocrx_word' id='word_1_198' title='bbox 398 2162 510 2200; x_wconf 88' lang='lat' dir='ltr'><strong>quam</strong></span> <span class='ocrx_word' id='word_1_199' title='bbox 542 2148 591 2187; x_wconf 95' lang='lat' dir='ltr'><strong>ob</strong></span> <span class='ocrx_word' id='word_1_200' title='bbox 627 2161 792 2186; x_wconf 85' lang='lat' dir='ltr'><strong>caussam</strong></span> <span class='ocrx_word' id='word_1_201' title='bbox 813 2179 822 2195; x_wconf 90' lang='lat'><strong>,</strong></span> <span class='ocrx_word' id='word_1_202' title='bbox 859 2163 934 2187; x_wconf 89' lang='lat' dir='ltr'><strong>non</strong></span> <span class='ocrx_word' id='word_1_203' title='bbox 965 2149 1156 2188; x_wconf 82' lang='lat' dir='ltr'><strong>indicavit.</strong></span> <span class='ocrx_word' id='word_1_204' title='bbox 1214 2150 1331 2188; x_wconf 86' lang='lat' dir='ltr'><strong>Recte</strong></span> <span class='ocrx_word' id='word_1_205' title='bbox 1361 2163 1447 2188; x_wconf 86' lang='lat' dir='ltr'><strong>vero</strong></span> 
     </span>
    </p>
   </div>
   <div class='ocr_carea' id='block_1_5' title="bbox 249 2326 1447 2589">
    <p class='ocr_par' dir='ltr' id='par_1_5' title="bbox 249 2326 1447 2478">
     <span class='ocr_line' id='line_1_27' title="bbox 295 2326 1447 2368; baseline 0.001 -11"><span class='ocrx_word' id='word_1_206' title='bbox 295 2327 323 2368; x_wconf 76' lang='grc'><strong>1)</strong></span> <span class='ocrx_word' id='word_1_207' title='bbox 368 2327 399 2357; x_wconf 90' lang='lat' dir='ltr'><strong>P.</strong></span> <span class='ocrx_word' id='word_1_208' title='bbox 424 2328 476 2358; x_wconf 80' lang='lat'><strong>94.</strong></span> <span class='ocrx_word' id='word_1_209' title='bbox 500 2331 546 2359; x_wconf 82' lang='lat' dir='ltr'><strong>lta</strong></span> <span class='ocrx_word' id='word_1_210' title='bbox 568 2331 727 2358; x_wconf 81' lang='lat' dir='ltr'><strong>verterunt</strong></span> <span class='ocrx_word' id='word_1_211' title='bbox 749 2326 842 2359; x_wconf 88' lang='lat' dir='ltr'><strong>etiam</strong></span> <span class='ocrx_word' id='word_1_212' title='bbox 866 2328 901 2358; x_wconf 89' lang='lat' dir='ltr'><strong>G.</strong></span> <span class='ocrx_word' id='word_1_213' title='bbox 926 2328 957 2361; x_wconf 87' lang='lat' dir='ltr'><strong>E.</strong></span> <span class='ocrx_word' id='word_1_214' title='bbox 983 2326 1149 2359; x_wconf 87' lang='lat' dir='ltr'><strong>Weberus:</strong></span> <span class='ocrx_word' id='word_1_215' title='bbox 1187 2338 1286 2359; x_wconf 85' lang='lat' dir='ltr'><strong>«zum</strong></span> <span class='ocrx_word' id='word_1_216' title='bbox 1308 2327 1447 2359; x_wconf 87' lang='lat' dir='ltr'><strong>Dictator</strong></span> 
     </span>
     <span class='ocr_line' id='line_1_28' title="bbox 249 2379 1445 2424; baseline 0.001 -13"><span class='ocrx_word' id='word_1_217' title='bbox 249 2379 326 2411; x_wconf 89' lang='lat' dir='ltr'><strong>Dich</strong></span> <span class='ocrx_word' id='word_1_218' title='bbox 349 2391 444 2423; x_wconf 82' lang='lat' dir='ltr'><strong>anzog</strong></span> <span class='ocrx_word' id='word_1_219' title='bbox 457 2383 486 2421; x_wconf 77' lang='lat'><strong>,&#39;’</strong></span> <span class='ocrx_word' id='word_1_220' title='bbox 519 2385 550 2411; x_wconf 86' lang='lat' dir='ltr'><strong>et</strong></span> <span class='ocrx_word' id='word_1_221' title='bbox 579 2381 766 2410; x_wconf 87' lang='lat' dir='ltr'><strong>Duentzerus</strong></span> <span class='ocrx_word' id='word_1_222' title='bbox 779 2405 788 2420; x_wconf 81' lang='lat'>‚</span> <span class='ocrx_word' id='word_1_223' title='bbox 823 2381 963 2424; x_wconf 88' lang='lat' dir='ltr'><strong>quamvis</strong></span> <span class='ocrx_word' id='word_1_224' title='bbox 996 2382 1089 2413; x_wconf 83' lang='lat' dir='ltr'><strong>aliam</strong></span> <span class='ocrx_word' id='word_1_225' title='bbox 1122 2387 1242 2412; x_wconf 85' lang='lat' dir='ltr'><strong>secutus</strong></span> <span class='ocrx_word' id='word_1_226' title='bbox 1265 2381 1445 2413; x_wconf 82' lang='lat' dir='ltr'><strong>lectionem:</strong></span> 
     </span>
     <span class='ocr_line' id='line_1_29' title="bbox 252 2432 891 2478; baseline 0 -12"><span class='ocrx_word' id='word_1_227' title='bbox 252 2446 352 2466; x_wconf 84' lang='lat' dir='ltr'><strong>»zum</strong></span> <span class='ocrx_word' id='word_1_228' title='bbox 375 2434 510 2466; x_wconf 85' lang='lat' dir='ltr'><strong>Dictator</strong></span> <span class='ocrx_word' id='word_1_229' title='bbox 532 2433 688 2478; x_wconf 88' lang='lat' dir='ltr'><strong>tripplend</strong></span> <span class='ocrx_word' id='word_1_230' title='bbox 708 2432 891 2466; x_wconf 80' lang='lat' dir='ltr'><strong>bekleidet.’&#39;</strong></span> 
     </span>
    </p>

    <p class='ocr_par' dir='ltr' id='par_1_6' title="bbox 250 2488 1445 2589">
     <span class='ocr_line' id='line_1_30' title="bbox 297 2488 1445 2535; baseline 0 -14"><span class='ocrx_word' id='word_1_231' title='bbox 297 2488 324 2530; x_wconf 85' lang='lat'><strong>²)</strong></span> <span class='ocrx_word' id='word_1_232' title='bbox 369 2488 411 2521; x_wconf 90' lang='lat' dir='ltr'><strong>Cf.</strong></span> <span class='ocrx_word' id='word_1_233' title='bbox 437 2489 519 2523; x_wconf 75' lang='lat' dir='ltr'><strong>talin.</strong></span> <span class='ocrx_word' id='word_1_234' title='bbox 550 2489 583 2521; x_wconf 92' lang='lat' dir='ltr'><strong>in</strong></span> <span class='ocrx_word' id='word_1_235' title='bbox 606 2488 741 2533; x_wconf 81' lang='lat' dir='ltr'><strong>Prolegg.</strong></span> <span class='ocrx_word' id='word_1_236' title='bbox 773 2501 839 2533; x_wconf 81' lang='lat' dir='ltr'><strong>pag.</strong></span> <span class='ocrx_word' id='word_1_237' title='bbox 863 2492 904 2531; x_wconf 87' lang='lat' dir='ltr'><strong>L,</strong></span> <span class='ocrx_word' id='word_1_238' title='bbox 928 2502 987 2535; x_wconf 87' lang='lat' dir='ltr'><strong>seq.</strong></span> <span class='ocrx_word' id='word_1_239' title='bbox 1034 2491 1121 2523; x_wconf 82' lang='lat' dir='ltr'><strong>Vidd.</strong></span> <span class='ocrx_word' id='word_1_240' title='bbox 1156 2502 1245 2535; x_wconf 87' lang='lat' dir='ltr'><strong>porro</strong></span> <span class='ocrx_word' id='word_1_241' title='bbox 1278 2491 1314 2522; x_wconf 89' lang='lat' dir='ltr'><strong>de</strong></span> <span class='ocrx_word' id='word_1_242' title='bbox 1346 2501 1379 2521; x_wconf 85' lang='lat' dir='ltr'><strong>ea</strong></span> <span class='ocrx_word' id='word_1_243' title='bbox 1414 2502 1445 2521; x_wconf 88' lang='lat' dir='ltr'><strong>re</strong></span> 
     </span>
     <span class='ocr_line' id='line_1_31' title="bbox 250 2543 1445 2589; baseline 0.001 -15"><span class='ocrx_word' id='word_1_244' title='bbox 250 2543 377 2586; x_wconf 77' lang='lat' dir='ltr'><strong>Koenig.</strong></span> <span class='ocrx_word' id='word_1_245' title='bbox 402 2543 435 2575; x_wconf 90' lang='lat' dir='ltr'><strong>in</strong></span> <span class='ocrx_word' id='word_1_246' title='bbox 458 2546 590 2577; x_wconf 87' lang='lat' dir='ltr'><strong>Prooem.</strong></span> <span class='ocrx_word' id='word_1_247' title='bbox 613 2556 681 2588; x_wconf 85' lang='lat' dir='ltr'><strong>pag.</strong></span> <span class='ocrx_word' id='word_1_248' title='bbox 706 2546 777 2585; x_wconf 52' lang='lat'><strong>27„</strong></span> <span class='ocrx_word' id='word_1_249' title='bbox 801 2546 904 2577; x_wconf 80' lang='lat' dir='ltr'><strong>Heinr.</strong></span> <span class='ocrx_word' id='word_1_250' title='bbox 930 2557 995 2589; x_wconf 84' lang='lat' dir='ltr'><strong>pag.</strong></span> <span class='ocrx_word' id='word_1_251' title='bbox 1021 2548 1073 2577; x_wconf 87' lang='lat'><strong>61.</strong></span> <span class='ocrx_word' id='word_1_252' title='bbox 1097 2552 1128 2578; x_wconf 89' lang='lat' dir='ltr'><strong>et</strong></span> <span class='ocrx_word' id='word_1_253' title='bbox 1151 2545 1277 2577; x_wconf 84' lang='lat' dir='ltr'><strong>Teuffel.</strong></span> <span class='ocrx_word' id='word_1_254' title='bbox 1302 2556 1368 2587; x_wconf 80' lang='lat' dir='ltr'><strong>pag.</strong></span> <span class='ocrx_word' id='word_1_255' title='bbox 1393 2547 1445 2576; x_wconf 76' lang='lat'><strong>48.</strong></span> 
     </span>
    </p>
   </div>
  </div>
 </body>
</html>
