1857 3113
911 320 961 358 28

331 438 429 477 quae
454 425 500 464 de
519 426 634 463 Persii
649 426 724 463 vita
746 425 944 471 dicuntur,
969 427 1112 463 narrari
1135 424 1309 463 Cornuto
1326 425 1526 476 referente

331 500 390 537 vel
415 499 589 538 Cornuto
607 499 763 544 iudice;
796 498 975 548 alterum,
1005 501 1042 538 in
1072 499 1143 537 hac
1170 499 1420 552 disputatione
1437 512 1525 551 pro-

330 573 459 624 logum
501 587 571 625 pro
612 574 724 610 satira
764 573 911 611 haberi.
971 576 1142 626 Denique
1182 574 1308 612 statim
1349 582 1433 626 post
1460 573 1527 611 has

330 648 591 686 annotationes
611 656 823 700 sequuntur
842 649 1028 700 quaedam
1057 650 1307 702 Praecepta
1335 648 1523 687 Medica.

384 721 508 762 Codex
538 722 607 761 Ms.
645 723 908 761 Perizonianus
945 724 1017 774 (Ex
1053 724 1195 776 Legato
1226 724 1272 762 V.
1305 723 1404 761 Clar.
1447 723 1523 761 Iac.

330 798 527 846 Perisonii)
559 799 627 847 Q0.
660 800 724 835 38.
771 798 848 849 (P.)
868 828 877 844 ‚
921 798 1258 846 membranaceus,
1302 812 1375 837 sec.
1423 798 1522 846 XV3

332 872 501 909 continet
530 871 790 909 Iuvenalem
821 879 858 909 et
889 872 1103 909 Persium.
1135 872 1178 908 In
1198 872 1286 909 folio
1304 872 1404 923 pari,
1424 871 1527 923 quod

332 958 418 982 cum
449 945 610 995 ligatura
642 946 945 997 conglutinatum
976 953 1045 990 est,
1074 945 1213 997 legitur
1242 945 1343 983 hunc
1360 946 1526 984 codicem

331 1027 440 1056 antea
468 1018 580 1055 fuisse
610 1018 817 1055 Bernhardi
847 1018 1129 1064 Rottendorffii,
1157 1018 1332 1056 archiatri
1351 1019 1527 1072 Episcopi

331 1093 629 1131 Monasteriensis
659 1100 696 1129 et
726 1092 1062 1138 Paderbornensis,
1089 1093 1317 1130 Ferdinandi
1347 1094 1526 1131 Fursten-

331 1168 465 1221 bergii3
498 1167 561 1206 sed
591 1166 726 1205 deinde
756 1165 969 1204 redemtum
1000 1180 1076 1205 esse
1096 1166 1299 1220 Duisburgi
1318 1166 1526 1205 Cliviorum

331 1257 430 1281 anno
462 1240 745 1280 CIOIOCCLX.
779 1257 798 1279 a
826 1242 908 1279 Ioh.
940 1243 1112 1280 llildebr.
1143 1243 1525 1281 Withof10.R0tten-

331 1319 454 1357 dorffii
483 1331 616 1355 manus
645 1317 683 1355 in
711 1318 834 1370 primo
855 1317 945 1355 folio
974 1316 1089 1369 ipsius
1109 1315 1248 1353 codicis
1267 1323 1421 1369 apparet
1440 1328 1527 1353 cum

332 1402 421 1432 nota
447 1408 480 1431 a.
515 1391 861 1431 CIOIOCXLVIH.
893 1393 937 1429 In
957 1400 1065 1444 parte
1084 1392 1185 1437 folii,
1217 1405 1313 1442 quae
1337 1405 1412 1428 non
1441 1404 1528 1428 eum

332 1469 491 1520 ligatura
522 1480 689 1504 connexa
719 1475 799 1511 est,
842 1467 1024 1518 scriptum
1054 1475 1196 1512 exstat,
1231 1480 1347 1504 manu
1375 1466 1528 1503 fortasse

331 1542 533 1586 Perizonii‚
563 1540 616 1578 D.
648 1540 771 1578 ‚Iunii
798 1539 1014 1578 Juvenalz's
1043 1546 1081 1578 et
1109 1541 1211 1578 Auli
1239 1540 1528 1591 Persiz'flaccz'

332 1614 590 1665 Satyrae.—-
605 1612 792 1650 XVIII.
824 1613 986 1658 Periz.,·
1017 1622 1054 1652 et
1083 1615 1154 1651 alia
1174 1628 1290 1652 manu
1313 1614 1429 1651 additi
1451 1614 1527 1651 duo

329 1689 444 1741 primi
472 1687 660 1726 Iuvenalis
689 1701 827 1725 versus.
860 1688 944 1740 Ipse
962 1689 1079 1726 codex
1100 1689 1379 1741 elegantissime
1399 1702 1526 1725 exara-

332 1772 392 1800 tus
429 1771 483 1800 est
512 1764 549 1799 in
580 1762 797 1800 tenuissima
831 1764 1051 1800 membrana
1081 1771 1118 1801 et
1147 1764 1378 1815 marginibus
1412 1764 1527 1801 deau-

332 1837 433 1875 ratis,
495 1836 642 1874 Primae
670 1837 858 1875 Iuvenalis
893 1845 929 1876 et
972 1838 1088 1875 Persii
1127 1838 1274 1876 litterae
1307 1851 1398 1875 auro
1430 1838 1529 1875 aliis—

333 1926 405 1965 que
435 1912 623 1950 coloribus
650 1913 773 1965 pictae
803 1920 915 1960 sunt3
950 1915 1182 1967 singularum
1214 1928 1300 1952 vero
1329 1914 1528 1951 satirarum

333 1988 492 2026 initiales
521 1988 735 2026 alternatim
765 1989 882 2026 minio
912 1998 949 2028 et
984 1991 1103 2028 caesio
1146 1991 1271 2029 colore
1313 1990 1525 2029 distinctae.

333 2061 511 2100 Continet
560 2076 695 2099 novem
742 2062 1026 2112 quinterniones
1080 2063 1233 2113 (quibus
1285 2064 1437 2116 singulis
1490 2064 1528 2101 in

333 2137 409 2174 fine
442 2136 633 2186 sequentis
671 2135 944 2186 quinternionis
984 2136 1150 2189 primum
1190 2137 1347 2174 verbum
1390 2137 1529 2175 adscri-

331 2220 441 2265 ptum
472 2211 542 2262 est)
566 2224 652 2248 cum
682 2209 771 2248 folio
793 2211 938 2264 impari.
984 2210 1172 2249 Iuvenalis
1201 2211 1415 2249 continetur
1444 2210 1526 2248 foll.

335 2289 493 2333 1-773
528 2286 674 2324 Persius
708 2288 880 2324 78—91.
941 2287 1057 2324 Persii
1095 2286 1205 2324 verba
1244 2292 1388 2323 scatent
1423 2299 1529 2323 men-

332 2361 402 2407 dis,
433 2375 710 2413 nonnunquam
739 2369 906 2400 monstra
937 2361 1117 2400 exhibent
1146 2362 1375 2408 lectionum3
1408 2360 1529 2399 multa

332 2436 486 2488 quidem
516 2436 651 2473 horum
682 2445 849 2475 correcta
869 2445 956 2474 sunt
976 2452 994 2474 a
1016 2438 1214 2475 recentiori
1233 2450 1369 2481 manu,
1401 2436 1464 2472 sed
1484 2449 1530 2472 ne

331 2511 391 2549 vel
420 2511 472 2548 sic
501 2510 655 2561 quidem
687 2511 850 2549 multum
879 2512 1002 2550 bonae
1030 2512 1145 2564 frugis
1172 2511 1289 2549 habet
1316 2509 1377 2547 hic
1397 2507 1527 2556 codex,

333 2591 446 2635 atque
476 2583 618 2622 nullius
648 2584 725 2623 fere
755 2592 809 2622 est
839 2586 1084 2623 auctoritatis.
1121 2586 1260 2622 Passim
1290 2584 1403 2622 etiam
1431 2583 1532 2635 glos-
