1857 3113
880 262 929 299 27

308 382 404 422 quae
430 370 612 423 pleraque
645 383 666 407 a
694 368 857 407 secunda
891 381 1006 407 manu
1025 397 1035 415 ,
1079 381 1174 421 quae
1204 367 1317 406 etiam
1360 368 1498 406 crebris

306 445 511 497 scripturae
552 443 781 496 compendiis
826 443 917 495 sigla
960 445 1164 497 apposuit,
1199 451 1366 483 correcta
1396 451 1494 481 sunt.

304 518 348 556 In
386 519 554 570 margine
593 519 783 571 superiore
814 518 927 570 primi
971 519 1051 557 folii
1077 533 1198 572 pauca
1232 533 1380 558 corrosa
1410 527 1497 557 sunt

304 592 350 631 de
383 592 507 631 satira.
580 590 822 644 Singularum
876 592 1073 630 satirarum
1119 593 1268 632 initium
1309 594 1498 631 indicatur

303 667 416 705 etiam
463 667 588 704 littera
630 667 765 705 initiali
822 668 935 707 rubro
982 669 1146 707 colorata
1165 699 1175 716 ‚
1235 670 1336 722 quod
1382 670 1496 708 etiam

302 752 427 801 errore
462 741 606 779 factum
634 749 689 779 est
719 740 797 780 Sat.
828 742 911 789 ΙΙΙ,
955 745 1018 781 15.
1056 743 1195 781 Passim
1240 757 1383 796 paucae
1428 758 1495 781 an-

302 817 511 855 notationes
539 818 680 855 nullius
723 819 802 856 fere
841 820 954 872 pretii
996 819 1034 857 in
1076 819 1244 872 margine
1286 819 1494 872 adscriptae

302 900 401 930 sunt.
434 891 496 930 Sio
526 907 559 931 v.
583 905 616 931 c.
640 892 686 930 ad
717 891 796 931 Sat.
829 893 900 940 ΙΙΙ,
930 894 1012 931 init.
1034 893 1187 945 legitur,
1208 894 1247 931 in
1266 908 1308 931 ea
1326 894 1493 931 clericos

300 967 501 1019 perstringi
522 970 595 1018 qui
616 968 802 1005 discendi
828 982 954 1006 causa
978 968 1137 1005 alienas
1158 973 1294 1005 terras
1306 972 1492 1021 petentes

300 1042 430 1078 nichil
455 1040 617 1079 discunt
645 1041 719 1078 sed
744 1044 877 1079 omnia
897 1056 972 1080 sua
991 1042 1207 1079 scortando
1226 1041 1465 1094 dilapidant
1475 1053 1489 1084 ‚·

300 1116 346 1154 ad
375 1130 514 1154 nomen
544 1116 730 1154 Bovillas
760 1116 839 1155 Sat.
871 1117 926 1154 VI
944 1147 953 1163 ‚
985 1120 1034 1155 55
1065 1117 1250 1168 adscripta
1285 1123 1340 1153 est
1370 1115 1490 1167 glossa

298 1189 357 1227 ad
381 1190 534 1228 villam.
594 1189 750 1228 Exstant
776 1203 889 1242 porro
920 1190 958 1227 in
1000 1190 1074 1228 hoc
1118 1190 1244 1227 codice
1285 1189 1491 1226 nonnullae

297 1264 476 1302 lectiones
505 1277 692 1315 nusquam
721 1264 813 1302 alibi
841 1264 1000 1313 obviae;
1047 1278 1103 1304 ex.
1135 1279 1190 1317 gr.
1222 1262 1301 1302 Sat.
1332 1263 1376 1310 Ι,
1411 1264 1484 1301 19:

296 1351 364 1390 pro
384 1339 512 1391 probo
540 1338 657 1376 habet
684 1339 807 1385 bono3
841 1353 894 1377 vs.
928 1341 997 1377 21:
1029 1341 1185 1376 viscera
1214 1352 1283 1390 pro
1312 1340 1486 1382 intimam

296 1412 350 1450 IV
369 1442 379 1458 ,
413 1414 461 1450 48
480 1443 489 1459 ,
520 1413 619 1452 solus
648 1413 798 1452 exhibet
825 1413 1028 1452 lectionem
1057 1427 1075 1451 a
1105 1411 1238 1450 Iahnio
1272 1412 1303 1463 1)
1336 1411 1489 1463 quidem

296 1499 317 1523 e
345 1487 561 1524 coniectura
590 1496 779 1539 receptam
799 1517 808 1534 ‚
840 1489 903 1526 sed
933 1502 1047 1540 quam
1075 1496 1205 1540 postea
1236 1488 1371 1525 merito
1398 1488 1488 1524 mis-

296 1573 374 1597 sam
403 1559 494 1597 fecit
523 1560 558 1612 2)
583 1590 593 1606 ,
636 1574 813 1599 amorum
843 1561 1097 1614 suprascripto
1144 1561 1208 1598 vel
1238 1573 1370 1598 arum.
1430 1559 1488 1598 Ne

295 1646 383 1670 vero
412 1633 451 1669 in
481 1633 609 1671 codice
637 1634 738 1672 haud
768 1636 896 1687 magni
928 1635 1111 1672 momenti
1151 1634 1283 1687 putida
1324 1634 1488 1685 quadam

295 1706 489 1760 diligentia
519 1721 647 1746 omnes
676 1708 863 1746 scribendi
890 1708 1004 1747 etiam
1043 1707 1298 1745 aberrationes
1343 1708 1487 1745 indica-

294 1796 373 1821 rem
394 1812 402 1828 ,
432 1783 544 1821 satius
563 1783 651 1821 duxi
668 1784 894 1836 plerumque
912 1798 955 1822 ea
975 1784 1148 1821 omittere
1166 1797 1175 1829 3
1208 1784 1258 1820 sic
1276 1795 1487 1833 numquam

292 1855 454 1893 indicavi
483 1870 630 1908 semper
658 1857 736 1894 fere
767 1857 923 1909 simplex
953 1871 973 1894 e
1003 1857 1184 1908 scriptum
1218 1869 1295 1893 esse
1326 1869 1394 1907 pro
1425 1855 1484 1892 di-

290 1931 499 1983 phthongo.
530 1932 573 1970 In
598 1933 673 1970 fine
698 1932 837 1970 codicis
868 1932 988 1970 brevis
1016 1939 1071 1969 est
1101 1930 1305 1983 disputatio
1334 1929 1380 1967 de
1409 1929 1484 1968 vita

291 2006 405 2045 Persii
433 2014 470 2045 et
499 2006 546 2045 de
576 2014 799 2060 argumento
829 2006 907 2044 eius
942 2006 1160 2050 satirarum,
1207 2018 1318 2056 quam
1358 2004 1484 2054 sequi-

291 2092 354 2122 tur
381 2083 598 2121 brevissima
628 2083 820 2121 annotatio
850 2082 896 2120 de
924 2082 1040 2120 Persii
1068 2080 1255 2119 scribendi
1273 2078 1427 2118 consilio
1447 2085 1485 2116 et

291 2159 339 2198 de
368 2159 631 2212 Gorgonibus‚
672 2166 714 2196 ut
742 2159 817 2195 iam
860 2170 972 2210 supra
1010 2156 1317 2194 memoravimus.
1385 2153 1484 2193 Con-

291 2235 428 2287 scripta
457 2233 550 2272 haec
580 2240 665 2272 sunt
695 2232 741 2271 ab
770 2231 923 2270 homine
952 2230 1078 2269 Latini
1115 2229 1296 2268 sermonis
1332 2241 1483 2281 prorsus

289 2309 432 2360 ignaro.
493 2308 538 2344 In
566 2321 609 2345 ea
637 2314 764 2344 tamen
794 2306 868 2343 duo
906 2304 1268 2343 animadvertenda:
1313 2304 1480 2356 primum

668 2372 677 2389 l

334 2435 360 2474 ¹)
406 2436 442 2465 In
465 2436 581 2464 Annot.
604 2431 673 2463 crit.
696 2430 742 2462 ad.
765 2430 796 2461 h.
820 2430 842 2461 l.
866 2443 895 2474 p.
921 2433 973 2463 42.

332 2489 360 2529 2)
405 2490 443 2518 In
466 2487 602 2530 Prolegg.
627 2497 693 2529 pag.
730 2486 871 2526 CXCIII,
905 2498 936 2517 n.
961 2488 991 2518 1.
1016 2485 1057 2517 Cf.
1082 2486 1209 2518 Teuffel.
1242 2487 1274 2516 in
1307 2495 1379 2515 vers.
1414 2495 1481 2526 pag.

289 2544 353 2582 70,
375 2553 406 2573 n.
430 2542 466 2561 *²*
489 2547 520 2574 et
542 2541 575 2574 in
598 2542 681 2573 Cens.
705 2539 727 2572 l.
750 2552 778 2584 p.
804 2542 877 2573 781.
