1857 3113
939 333 987 369 22

362 451 489 476 versus
517 438 745 491 pingebatur
764 468 774 484 ‚
820 439 879 476 vel
908 445 1010 476 certe
1039 438 1173 477 litteris
1202 435 1393 489 quadratis
1421 437 1562 476 scribe-

361 511 494 558 batur,
515 519 558 550 ut
577 513 691 551 etiam
712 513 751 550 in
770 511 843 551 hoc
861 512 989 551 codice
1007 511 1151 551 factum
1178 511 1359 551 videmus.
1417 509 1562 550 Satirae

360 594 488 625 autem
532 588 703 640 quamvis
742 588 894 641 vulgato
938 587 1068 627 ordine
1111 587 1317 626 collocatae
1355 594 1392 626 et
1419 586 1562 625 divisae

362 669 449 699 sunt
473 692 483 708 ,
519 645 780 715 inscriptiones
811 670 938 701 tamen
967 664 1082 701 alium
1115 665 1285 711 ordinem
1314 663 1478 701 indicare
1506 662 1561 700 vi-

361 736 528 783 dentur,
572 745 615 776 ut
644 738 682 776 in
712 737 795 776 VV.
826 737 904 775 LL.
936 738 1165 777 notabimus.
1204 738 1328 776 Etiam
1361 737 1400 775 in
1429 736 1562 775 mediis

361 811 482 849 satiris
511 818 599 850 sunt
627 812 722 850 aliae
750 812 1037 865 inscriptiones,
1069 827 1165 865 quae
1186 826 1340 858 omnes,
1370 818 1413 849 ut
1431 811 1561 863 singu·

360 887 485 924 lorum
516 871 693 925 versuum
722 888 870 925 litterae
907 888 1068 925 initiales
1086 918 1097 935 ‚
1142 888 1258 926 rubro
1287 886 1411 925 colore
1452 885 1560 938 appi-

360 967 443 998 ctae
471 967 508 998 et
538 960 676 998 deinde
704 960 971 1011 deargentatae
998 967 1098 999 sunt.

414 1033 541 1073 Codex
583 1034 653 1074 Ms.
699 1035 902 1072 Vossianus
930 1034 1015 1073 Lat.
1060 1033 1131 1083 (Ex
1174 1033 1273 1071 Bibl.
1319 1032 1458 1071 V.111.
1508 1033 1558 1071 Is.

358 1109 492 1147 Vossii.
527 1110 637 1161 110.)
670 1109 723 1160 ΩΟ
755 1112 819 1149 33.
853 1110 902 1161 (V
934 1109 991 1161 2.)
1012 1139 1021 1155 ‚
1061 1107 1385 1146 membranaceus.
1429 1106 1560 1147 Conti-

359 1190 424 1221 net
451 1182 514 1220 hic
542 1184 660 1221 codex
688 1185 798 1237 plura
825 1199 958 1237 opera,
991 1197 1089 1235 quae
1117 1183 1164 1220 ab
1194 1183 1302 1221 initio
1330 1196 1406 1220 non
1435 1182 1561 1220 omnia

361 1269 439 1295 uno
466 1258 644 1295 fasciculo
673 1258 945 1311 comprehensa
973 1259 1140 1295 fuerunt.
1174 1257 1204 1294 Ι.
1237 1257 1289 1294 M.
1321 1256 1463 1294 Tullii
1491 1254 1560 1294 Ci-

362 1333 542 1370 ceronis
590 1332 945 1371 Rethoricorum
991 1332 1100 1370 libri
1142 1330 1226 1369 duo
1282 1330 1315 1382 ι)
1339 1360 1349 1377 ,
1397 1343 1561 1382 quorum

360 1405 399 1443 in
443 1406 566 1458 primo
609 1407 699 1445 solio
738 1407 893 1446 adverso
935 1407 1070 1459 scripta
1120 1414 1207 1444 sunt
1248 1405 1363 1443 verba
1406 1405 1559 1442 Biblio-

358 1481 497 1518 thecae
550 1480 820 1534 Selzobz'ngz'ae
840 1514 850 1529 ‚
912 1482 1132 1534 ceteroquin
1186 1479 1317 1518 album
1372 1487 1439 1519 est.
1515 1479 1560 1519 In

355 1561 464 1606 parte
493 1568 619 1592 aversa
651 1556 820 1594 continet
848 1556 1107 1600 miniaturam,
1133 1555 1171 1591 in
1203 1567 1278 1605 qua
1303 1561 1559 1606 repraesenta-

357 1636 421 1666 tur
450 1628 583 1667 Cicero
612 1644 687 1667 una
717 1644 805 1668 cum
844 1631 1047 1669 Rhetorica
1076 1630 1227 1669 ‹et-alia
1255 1630 1432 1682 imagine.
1485 1628 1557 1668 Co-

357 1703 427 1741 dex
456 1704 536 1756 ipse
565 1705 788 1743 nitidissime
816 1706 976 1758 scriptus
1005 1713 1085 1752 est,
1130 1705 1266 1743 additis
1296 1705 1426 1756 glossis
1455 1718 1561 1741 mar-

361 1779 550 1832 ginalibus
580 1788 617 1819 et
645 1780 965 1818 interlinearibus.
1025 1781 1070 1817 ln
1110 1780 1186 1817 fine
1218 1779 1352 1817 desunt
1394 1779 1508 1817 verba
1537 1793 1558 1817 a

356 1855 392 1904 §.
428 1856 503 1893 175
548 1868 669 1907 usque
708 1854 754 1893 ad
794 1855 1021 1895 vocabulum
1064 1855 1215 1893 dictum
1250 1858 1311 1892 est
1353 1853 1392 1890 in
1436 1852 1559 1891 verbis

353 1929 499 1969 Animi
524 1935 586 1967 est
613 1933 772 1976 virtus,
804 1930 887 1968 rell.
921 1932 955 1979 §.
1001 1933 1092 1968 177.
1122 1953 1177 1959 -—-
1205 1931 1255 1968 II.
1287 1929 1558 1981 Fragmentum

353 2004 497 2042 Persii
526 2017 615 2041 cum
644 2003 819 2048 scholiis,
850 2003 949 2040 foliis
979 2006 1001 2040 3
1019 2033 1028 2050 ‚
1074 2011 1117 2041 ut
1150 2004 1188 2040 in
1215 2004 1339 2056 primo
1367 2003 1459 2041 folio
1489 2017 1556 2041 an—

355 2083 532 2113 notatum
573 2083 627 2113 est
669 2075 810 2114 additis
854 2076 976 2114 verbis
1022 2076 1094 2113 Ex
1136 2076 1389 2114 Bibliotheca
1433 2076 1556 2115 Scho-

355 2149 527 2203 bz'ngz'a,
580 2163 678 2203 quae
717 2150 855 2203 scripta
901 2156 987 2188 sunt
1026 2149 1064 2187 in
1104 2150 1226 2188 media
1269 2151 1390 2204 figura
1431 2152 1556 2191 lusum

355 2225 561 2277 quemdam
583 2255 593 2271 ‚
630 2233 673 2263 ut
707 2225 856 2263 videtur
877 2255 886 2271 ,
931 2224 1131 2263 exhibente
1166 2226 1343 2265 monachi
1383 2228 1554 2268 alicuius.

353 2299 458 2338 Haec
488 2299 598 2347 folia,
630 2314 727 2352 quae
754 2300 994 2353 bibliopegae
1023 2299 1133 2352 culpa
1163 2301 1262 2339 male
1281 2302 1416 2342 inserta
1445 2312 1553 2352 sunt,

353 2383 395 2413 ut
424 2383 529 2429 patet
557 2389 600 2413 ex
630 2376 769 2414 auratis
810 2374 1069 2426 marginibus,
1110 2375 1265 2414 minoris
1297 2385 1384 2416 sunt
1412 2379 1555 2417 formae

400 2501 428 2541 ¹)
472 2502 588 2531 Horum
612 2501 764 2532 librorum
787 2511 822 2531 ex
844 2500 901 2531 hoc
923 2500 1023 2532 codice
1056 2500 1250 2533 collationem
1273 2502 1358 2533 dedit
1380 2502 1556 2536 Oudendor-

348 2553 419 2597 pius
442 2553 475 2584 in
500 2556 605 2585 Burm.
640 2554 712 2585 edit.
747 2554 839 2585 Cicer.
868 2553 1008 2586 Rhetorr.
1040 2554 1077 2586 ad
1109 2557 1240 2586 Herenn.
1265 2561 1296 2587 et
1318 2556 1355 2588 de
1377 2558 1498 2590 Invent.
1522 2561 1553 2590 L.

348 2610 380 2638 B.
409 2609 516 2649 1761,
539 2620 607 2652 pag.
633 2611 698 2642 614
721 2619 785 2652 sqq.
