1857 3113
865 247 911 286 15

333 367 352 390 a
373 357 540 390 saturitate.
586 353 671 387 Unde
691 353 730 385 in.
747 352 838 386 choro
857 353 958 386 Liberi
988 353 1083 397 patris
1112 353 1249 385 ministri
1283 353 1355 385 vino
1386 358 1479 397 atque

332 422 431 467 epulis
453 421 538 465 pleni
560 419 658 452 saturi
679 419 882 463 appellantur.
927 419 1005 450 Hinc
1027 418 1213 462 descriptura
1239 418 1387 462 poematis
1408 418 1479 450 sati-

329 488 386 520 rici
416 487 501 518 hunc
528 485 661 518 titulum
690 485 824 528 accepit,
856 484 937 529 quod
966 485 1099 529 personis
1124 484 1272 530 factisque
1293 485 1403 517 saciata
1425 483 1478 515 ha-

329 551 467 583 bundare
488 550 637 582 videatur.
667 551 765 582 Satira
787 550 886 593 igitur
907 561 926 581 a
947 551 1107 581 saturitate
1130 551 1211 593 quod
1234 550 1324 592 plena
1346 550 1387 580 sit
1407 560 1477 580 con·

329 615 416 647 viciis
438 621 470 646 et
491 615 771 659 reprehensionibus
801 614 974 646 hominum.
1018 615 1134 647 Persius
1162 614 1217 646 diu
1239 613 1404 646 admodum
1425 613 1478 645 hc·

328 679 425 710 sitans
446 685 555 710 utrum
578 680 679 722 potius
702 680 834 711 miliciae
856 691 895 711 an
917 679 1050 722 poetriae
1079 678 1272 710 incumberet
1294 678 1418 710 tandem
1440 677 1479 709 ad

329 743 455 775 satiram
477 743 666 775 scribendam
687 744 828 775 animum
850 743 1002 775 convertit
1024 753 1079 774 nec
1096 742 1169 774 adeo
1183 743 1370 786 voluptuose.
1393 741 1479 774 Unde

328 811 361 837 et
382 807 469 849 quasi
492 807 648 839 subtristis
670 809 799 840 scribere
821 820 892 840 cum
914 808 1105 840 rabulatione
1126 807 1257 839 inchoat.
1281 809 1353 839 Fuit
1374 813 1478 839 autem

328 877 466 914 senator,
489 872 633 905 scienciae
655 873 788 915 nobilis,
812 884 922 918 genere
943 878 1068 913 tuscus,
1091 871 1257 916 discipulus
1279 871 1357 903 bassi
1378 871 1477 915 philo-

326 937 413 979 sophi
439 938 466 978 ¹)
500 944 531 968 et
552 937 589 968 de
622 939 759 970 moribus
789 939 953 970 hominum
982 939 1084 970 multa
1114 944 1296 981 conquestus
1318 943 1371 969 est.
1417 939 1475 969 Ra-

323 998 441 1032 bulatio
462 1000 577 1032 dicitur
605 1001 760 1034 altercatio
782 1013 854 1033 cum
877 1002 932 1033 ira.
976 1002 1074 1033 Satira
1096 1000 1156 1032 alio
1178 1001 1267 1032 modo
1288 1000 1403 1031 dicitur
1425 1001 1475 1032 lex

326 1064 408 1107 apud
440 1076 577 1097 romanos
606 1065 697 1106 data,
732 1077 808 1109 quae
837 1064 948 1098 fucatis
980 1065 1080 1097 verbis
1112 1064 1196 1098 fallit
1229 1065 1407 1105 audientes,
1436 1070 1475 1096 ut

325 1127 411 1160 aliud
432 1128 512 1160 dicat
533 1128 619 1160 aliud
641 1128 807 1171 significet.
827 1147 871 1153 —-

325 1194 363 1224 In
374 1192 431 1224 hac
442 1192 624 1235 praefatione
635 1193 711 1224 dicit
733 1192 848 1236 persius
871 1203 901 1224 se
923 1203 985 1225 non
1007 1203 1068 1224 esse
1089 1198 1210 1236 poetam
1222 1216 1232 1233 ,
1251 1192 1302 1224 sed
1323 1203 1475 1237 eppopoen

326 1256 562 1309 (s’rrovrolnffl)
587 1262 608 1293 i.
633 1273 658 1293 e.
682 1262 899 1305 semipoetam,
933 1267 966 1294 et
994 1261 1070 1293 dicit
1092 1261 1170 1293 fame
1192 1267 1340 1294 coactum.
1387 1261 1475 1304 Quod

324 1341 397 1362 cum
419 1330 456 1362 de
478 1342 508 1362 se
530 1330 612 1362 dicat
634 1341 696 1361 non
718 1329 850 1361 dubium
873 1331 951 1374 quin
973 1330 1010 1362 de
1032 1330 1176 1361 omnibus
1198 1330 1288 1362 dicat.
1420 1320 1422 1324 Ι

323 1394 504 1439 Apologiam
525 1393 598 1428 facit
618 1394 706 1427 modo
724 1401 814 1438 poeta
834 1400 866 1426 et
888 1399 1010 1426 excusat
1031 1405 1062 1425 se
1084 1394 1305 1437 quodammodo
1323 1405 1385 1426 non
1407 1394 1473 1427 ideo

324 1459 473 1503 scripsisse
495 1466 533 1491 ut
555 1466 642 1503 poeta
664 1466 841 1503 appareret,
876 1459 925 1491 sed
949 1459 1050 1502 potius
1081 1458 1209 1502 inpulsu
1231 1458 1363 1503 quodam
1384 1470 1471 1491 men-

322 1523 364 1554 tis
385 1524 458 1566 quia
480 1523 600 1555 videbat
622 1530 696 1555 tunc
725 1524 840 1555 multos
869 1525 1002 1566 poetriae
1032 1523 1209 1555 incumbere
1232 1530 1263 1555 et
1285 1535 1338 1567 per
1359 1524 1471 1556 transi-

321 1592 391 1619 tum
413 1587 509 1619 istum
531 1588 664 1620 ostendit
685 1600 716 1620 se
737 1589 875 1632 primum
897 1589 1024 1633 coepisse
1052 1587 1181 1620 scribere
1202 1599 1290 1620 causa
1311 1588 1412 1621 victus
1433 1592 1472 1620 ut

321 1652 466 1685 salarium
489 1654 518 1695 ²)
539 1660 720 1687 mereretur.
765 1654 919 1687 Salarium
940 1661 986 1687 est
1008 1655 1109 1687 victus
1130 1654 1224 1686 unius
1245 1654 1317 1687 diei.

323 1813 352 1853 ¹)
397 1813 464 1842 Post
483 1812 556 1843 baec
578 1813 668 1844 verba
690 1814 724 1844 in
747 1816 828 1845 Voss.
852 1815 889 1852 2,
912 1813 946 1843 in
969 1824 1029 1855 quo
1053 1810 1300 1854 praecedentium
1321 1824 1470 1855 perpauca

276 1870 400 1897 tantum
412 1872 541 1906 exstant,
554 1866 626 1898 haec
641 1867 804 1910 leguntur:
829 1879 847 1897 ›)
857 1865 1042 1897 Deliberavit
1061 1872 1166 1896 autem
1178 1866 1198 1896 i.
1212 1876 1236 1896 e.
1249 1877 1347 1897 moras
1359 1866 1469 1899 habuit

275 1919 352 1960 diu,
375 1921 456 1963 apud
477 1932 615 1952 severum
638 1921 758 1963 scripsit
780 1926 811 1952 et
833 1927 967 1964 satyram
990 1921 1089 1965 primo
1112 1919 1269 1952 inchoavit
1300 1926 1331 1951 et
1365 1927 1468 1964 postea

275 1973 407 2005 demisit.
431 1974 564 2006 Tandem
587 1981 756 2017 resuscepto
767 1975 879 2018 spiritu
902 1976 1026 2006 satiram
1049 1976 1170 2019 scripsit
1193 1981 1224 2005 et
1245 1975 1330 2007 hunc
1348 1975 1468 2008 librum

275 2029 451 2072 composuit.
474 2029 608 2060 ostendit
630 2035 735 2061 autem
757 2029 790 2061 in
813 2029 869 2061 hoc
891 2029 1027 2073 capitulo
1050 2029 1131 2073 quod
1154 2031 1331 2062 necessitate
1350 2037 1469 2063 coactus

275 2090 409 2128 satyram
432 2084 551 2127 scripsit
564 2108 573 2124 ,
603 2089 634 2115 et
656 2084 747 2116 initio
769 2084 844 2116 dum
868 2095 928 2115 sese
950 2095 1012 2115 non
1034 2083 1172 2115 didicisse
1195 2086 1353 2128 poetriam.
1383 2085 1469 2118 Unde

275 2150 359 2170 more
381 2129 476 2170 traico
498 2150 515 2169 a
537 2138 753 2171 declamatione
774 2138 928 2170 inchoat.”
966 2140 1051 2178 Quae
1073 2138 1107 2169 in
1130 2137 1187 2170 hoc
1216 2140 1316 2171 codice
1338 2146 1406 2183 post
1434 2151 1468 2172 ea

273 2199 447 2237 sequuntur
469 2193 589 2237 plenius
610 2194 663 2227 dat
685 2195 764 2226 Voss.
790 2196 820 2226 1.
841 2193 874 2224 in
896 2191 960 2224 fine
983 2191 1122 2235 Prologi,
1145 2192 1207 2225 ita:
1231 2206 1250 2224 »
1264 2194 1375 2226 Videns
1398 2196 1466 2227 Per-

273 2247 337 2278 sius
359 2248 475 2279 multos
496 2248 655 2280 libidinari
678 2249 711 2280 in
733 2247 890 2280 scribendo
911 2247 949 2279 ad
970 2246 1026 2278 hoc
1048 2253 1176 2279 tantum
1199 2255 1236 2280 ut
1258 2249 1390 2280 favorem
1413 2260 1467 2292 po-

273 2299 340 2344 puli
363 2300 581 2343 adquirerent,
604 2301 848 2344 reprehendendo
869 2312 941 2333 cum
961 2301 1168 2344 increpatione
1190 2302 1313 2333 inchoat
1344 2313 1380 2333 ex
1413 2301 1464 2334 ab-

272 2361 374 2399 rupto.
397 2357 473 2388 Nam
494 2361 565 2388 ante
586 2355 770 2400 philosopiae
790 2355 951 2389 studuerat
972 2354 1053 2401 apud
1073 2354 1197 2389 bassum
1209 2355 1336 2401 quidem
1347 2356 1465 2401 primo,

272 2408 382 2442 deinde
403 2410 485 2454 apud
505 2413 703 2442 cornutum.”

316 2465 347 2505 ¹)
388 2467 466 2497 Haec
486 2465 626 2510 periodus
647 2464 741 2497 etiam
762 2463 797 2496 in
818 2465 900 2498 Voss.
923 2468 955 2499 3.
977 2465 1134 2507 occurrit,
1168 2466 1224 2511 qui
1246 2465 1392 2500 salarium
1416 2465 1463 2497 in-

271 2521 475 2561 terpretatur:
499 2522 521 2553 ι’.
544 2532 573 2554 e.
595 2519 826 2564 praebendam.
