<?xml version="1.0" encoding="UTF-8"?>
<!DOCTYPE html PUBLIC "-//W3C//DTD XHTML 1.0 Transitional//EN"
    "http://www.w3.org/TR/xhtml1/DTD/xhtml1-transitional.dtd">
<html xmlns="http://www.w3.org/1999/xhtml" xml:lang="en" lang="en">
 <head>
  <title>
</title>
<meta http-equiv="Content-Type" content="text/html;charset=utf-8" />
  <meta name='ocr-system' content='tesseract 3.04.00' />
  <meta name='ocr-capabilities' content='ocr_page ocr_carea ocr_par ocr_line ocrx_word'/>
</head>
<body>
  <div class='ocr_page' id='page_1' title='image "./4627210_0096.png"; bbox 0 0 1857 3113; ppageno 0'>
   <div class='ocr_carea' id='block_1_1' title="bbox 898 296 947 332">
    <p class='ocr_par' dir='ltr' id='par_1_1' title="bbox 898 296 947 332">
     <span class='ocr_line' id='line_1_1' title="bbox 898 296 947 332; baseline 0 0"><span class='ocrx_word' id='word_1_1' title='bbox 898 296 947 332; x_wconf 84' lang='lat'><strong>76</strong></span> 
     </span>
    </p>
   </div>
   <div class='ocr_carea' id='block_1_2' title="bbox 312 398 1517 1492">
    <p class='ocr_par' dir='ltr' id='par_1_2' title="bbox 312 398 1517 1492">
     <span class='ocr_line' id='line_1_2' title="bbox 315 398 1516 456; baseline -0.003 -14"><span class='ocrx_word' id='word_1_2' title='bbox 315 403 576 456; x_wconf 83' lang='lat' dir='ltr'><strong>praetulerunt</strong></span> <span class='ocrx_word' id='word_1_3' title='bbox 606 409 643 440; x_wconf 89' lang='lat' dir='ltr'><strong>et</strong></span> <span class='ocrx_word' id='word_1_4' title='bbox 670 402 781 440; x_wconf 84' lang='lat' dir='ltr'><strong>tacite</strong></span> <span class='ocrx_word' id='word_1_5' title='bbox 809 400 986 454; x_wconf 85' lang='lat' dir='ltr'><strong>probasse</strong></span> <span class='ocrx_word' id='word_1_6' title='bbox 1016 400 1163 439; x_wconf 87' lang='lat' dir='ltr'><strong>videtur</strong></span> <span class='ocrx_word' id='word_1_7' title='bbox 1193 399 1394 439; x_wconf 82' lang='lat' dir='ltr'><strong>Teuffelius</strong></span> <span class='ocrx_word' id='word_1_8' title='bbox 1413 429 1422 445; x_wconf 89' lang='lat'><strong><em>,</em></strong></span> <span class='ocrx_word' id='word_1_9' title='bbox 1452 398 1516 439; x_wconf 83' lang='lat' dir='ltr'><strong>alii</strong></span> 
     </span>
     <span class='ocr_line' id='line_1_3' title="bbox 317 474 1515 528; baseline -0.002 -15"><span class='ocrx_word' id='word_1_10' title='bbox 317 482 486 523; x_wconf 80' lang='lat' dir='ltr'><strong>tantum,</strong></span> <span class='ocrx_word' id='word_1_11' title='bbox 518 490 632 528; x_wconf 87' lang='lat' dir='ltr'><strong>quam</strong></span> <span class='ocrx_word' id='word_1_12' title='bbox 662 477 862 514; x_wconf 90' lang='lat' dir='ltr'><strong>lectionem</strong></span> <span class='ocrx_word' id='word_1_13' title='bbox 893 476 1029 527; x_wconf 86' lang='lat' dir='ltr'>reliqui</span> <span class='ocrx_word' id='word_1_14' title='bbox 1059 484 1211 521; x_wconf 83' lang='lat' dir='ltr'><strong>omnes·,</strong></span> <span class='ocrx_word' id='word_1_15' title='bbox 1243 475 1379 527; x_wconf 88' lang='lat' dir='ltr'><strong>quibus</strong></span> <span class='ocrx_word' id='word_1_16' title='bbox 1398 474 1515 512; x_wconf 85' lang='lat' dir='ltr'><strong>etiam</strong></span> 
     </span>
     <span class='ocr_line' id='line_1_4' title="bbox 315 549 1514 599; baseline 0 -14"><span class='ocrx_word' id='word_1_17' title='bbox 315 549 555 587; x_wconf 82' lang='lat' dir='ltr'><strong>Ileinrichius</strong></span> <span class='ocrx_word' id='word_1_18' title='bbox 592 553 623 599; x_wconf 89' lang='lat'><strong>¹)</strong></span> <span class='ocrx_word' id='word_1_19' title='bbox 655 551 820 596; x_wconf 86' lang='lat' dir='ltr'><strong>accedit,</strong></span> <span class='ocrx_word' id='word_1_20' title='bbox 851 551 1050 588; x_wconf 89' lang='lat' dir='ltr'><strong>dederunt.</strong></span> <span class='ocrx_word' id='word_1_21' title='bbox 1111 550 1245 587; x_wconf 87' lang='lat' dir='ltr'><strong>Merito</strong></span> <span class='ocrx_word' id='word_1_22' title='bbox 1268 558 1394 587; x_wconf 87' lang='lat' dir='ltr'><strong>autem</strong></span> <span class='ocrx_word' id='word_1_23' title='bbox 1423 554 1514 586; x_wconf 82' lang='lat' dir='ltr'><strong>lan-</strong></span> 
     </span>
     <span class='ocr_line' id='line_1_5' title="bbox 316 623 1511 677; baseline 0.002 -17"><span class='ocrx_word' id='word_1_24' title='bbox 316 628 397 661; x_wconf 79' lang='lat' dir='ltr'><strong>tum</strong></span> <span class='ocrx_word' id='word_1_25' title='bbox 426 623 684 676; x_wconf 81' lang='lat' dir='ltr'><strong>improbavit,</strong></span> <span class='ocrx_word' id='word_1_26' title='bbox 727 625 784 663; x_wconf 88' lang='lat' dir='ltr'><strong>vel</strong></span> <span class='ocrx_word' id='word_1_27' title='bbox 811 626 899 677; x_wconf 87' lang='lat' dir='ltr'><strong>quia</strong></span> <span class='ocrx_word' id='word_1_28' title='bbox 929 625 1074 663; x_wconf 89' lang='lat' dir='ltr'><strong>minore</strong></span> <span class='ocrx_word' id='word_1_29' title='bbox 1105 625 1247 662; x_wconf 80' lang='lat' dir='ltr'><strong>nitatur</strong></span> <span class='ocrx_word' id='word_1_30' title='bbox 1275 624 1511 670; x_wconf 84' lang='lat' dir='ltr'><strong>auctoritate,</strong></span> 
     </span>
     <span class='ocr_line' id='line_1_6' title="bbox 315 697 1516 750; baseline 0 -16"><span class='ocrx_word' id='word_1_31' title='bbox 315 697 374 735; x_wconf 87' lang='lat' dir='ltr'><strong>vel</strong></span> <span class='ocrx_word' id='word_1_32' title='bbox 403 697 489 747; x_wconf 91' lang='lat' dir='ltr'><strong>quia</strong></span> <span class='ocrx_word' id='word_1_33' title='bbox 518 697 661 748; x_wconf 81' lang='lat' dir='ltr'>glossae</span> <span class='ocrx_word' id='word_1_34' title='bbox 689 699 852 750; x_wconf 89' lang='lat' dir='ltr'><strong>speciem</strong></span> <span class='ocrx_word' id='word_1_35' title='bbox 893 697 1055 743; x_wconf 88' lang='lat' dir='ltr'><strong>habeat,</strong></span> <span class='ocrx_word' id='word_1_36' title='bbox 1096 698 1155 735; x_wconf 80' lang='lat' dir='ltr'><strong>vel</strong></span> <span class='ocrx_word' id='word_1_37' title='bbox 1191 698 1353 749; x_wconf 89' lang='lat' dir='ltr'><strong>denique</strong></span> <span class='ocrx_word' id='word_1_38' title='bbox 1381 697 1428 734; x_wconf 93' lang='lat' dir='ltr'><strong>ob</strong></span> <span class='ocrx_word' id='word_1_39' title='bbox 1459 698 1516 734; x_wconf 90' lang='lat' dir='ltr'><strong>in-</strong></span> 
     </span>
     <span class='ocr_line' id='line_1_7' title="bbox 316 770 1516 822; baseline 0 -14"><span class='ocrx_word' id='word_1_40' title='bbox 316 778 465 822; x_wconf 82' lang='lat' dir='ltr'><strong>gratum</strong></span> <span class='ocrx_word' id='word_1_41' title='bbox 516 770 867 810; x_wconf 83' lang='lat' dir='ltr'><strong>homoeoteleuton.</strong></span> <span class='ocrx_word' id='word_1_42' title='bbox 953 772 1120 810; x_wconf 84' lang='lat' dir='ltr'><strong>Alteram</strong></span> <span class='ocrx_word' id='word_1_43' title='bbox 1174 785 1260 810; x_wconf 70' lang='lat' dir='ltr'><strong>vero</strong></span> <span class='ocrx_word' id='word_1_44' title='bbox 1314 772 1516 810; x_wconf 86' lang='lat' dir='ltr'><strong>lectionem</strong></span> 
     </span>
     <span class='ocr_line' id='line_1_8' title="bbox 317 846 1517 896; baseline 0.001 -14"><span class='ocrx_word' id='word_1_45' title='bbox 317 851 458 883; x_wconf 78' lang='lat' dir='ltr'><strong>tantae</strong></span> <span class='ocrx_word' id='word_1_46' title='bbox 494 846 597 896; x_wconf 85' lang='lat' dir='ltr'><strong>(nam</strong></span> <span class='ocrx_word' id='word_1_47' title='bbox 629 852 740 883; x_wconf 83' lang='lat' dir='ltr'><strong>tante</strong></span> <span class='ocrx_word' id='word_1_48' title='bbox 769 860 844 884; x_wconf 91' lang='lat' dir='ltr'><strong>non</strong></span> <span class='ocrx_word' id='word_1_49' title='bbox 874 860 951 884; x_wconf 91' lang='lat' dir='ltr'><strong>esse</strong></span> <span class='ocrx_word' id='word_1_50' title='bbox 980 847 1208 892; x_wconf 82' lang='lat' dir='ltr'><strong>vocativum,</strong></span> <span class='ocrx_word' id='word_1_51' title='bbox 1240 847 1303 884; x_wconf 88' lang='lat' dir='ltr'><strong>sed</strong></span> <span class='ocrx_word' id='word_1_52' title='bbox 1334 846 1517 884; x_wconf 88' lang='lat' dir='ltr'><strong>diversam</strong></span> 
     </span>
     <span class='ocr_line' id='line_1_9' title="bbox 316 920 1517 973; baseline -0.001 -14"><span class='ocrx_word' id='word_1_53' title='bbox 316 921 430 959; x_wconf 90' lang='lat' dir='ltr'><strong>modo</strong></span> <span class='ocrx_word' id='word_1_54' title='bbox 475 921 639 958; x_wconf 88' lang='lat' dir='ltr'><strong>eiusdem</strong></span> <span class='ocrx_word' id='word_1_55' title='bbox 689 922 831 959; x_wconf 87' lang='lat' dir='ltr'><strong>formae</strong></span> <span class='ocrx_word' id='word_1_56' title='bbox 883 922 1104 973; x_wconf 83' lang='lat' dir='ltr'><strong>scripturam</strong></span> <span class='ocrx_word' id='word_1_57' title='bbox 1129 950 1138 966; x_wconf 91' lang='lat'><strong><em>,</em></strong></span> <span class='ocrx_word' id='word_1_58' title='bbox 1187 934 1262 958; x_wconf 92' lang='lat' dir='ltr'><strong>non</strong></span> <span class='ocrx_word' id='word_1_59' title='bbox 1310 929 1364 958; x_wconf 90' lang='lat' dir='ltr'><strong>est</strong></span> <span class='ocrx_word' id='word_1_60' title='bbox 1415 920 1517 972; x_wconf 90' lang='lat' dir='ltr'><strong>quod</strong></span> 
     </span>
     <span class='ocr_line' id='line_1_10' title="bbox 315 995 1514 1046; baseline -0.002 -13"><span class='ocrx_word' id='word_1_61' title='bbox 315 996 539 1046; x_wconf 87' lang='lat' dir='ltr'><strong>memorem)</strong></span> <span class='ocrx_word' id='word_1_62' title='bbox 571 1009 648 1033; x_wconf 89' lang='lat' dir='ltr'><strong>non</strong></span> <span class='ocrx_word' id='word_1_63' title='bbox 679 996 784 1033; x_wconf 84' lang='lat' dir='ltr'><strong>item.</strong></span> <span class='ocrx_word' id='word_1_64' title='bbox 830 995 1007 1033; x_wconf 88' lang='lat' dir='ltr'><strong>Concedo</strong></span> <span class='ocrx_word' id='word_1_65' title='bbox 1035 995 1191 1045; x_wconf 90' lang='lat' dir='ltr'><strong>quidem</strong></span> <span class='ocrx_word' id='word_1_66' title='bbox 1218 995 1405 1046; x_wconf 83' lang='lat' dir='ltr'><strong>pluralem</strong></span> <span class='ocrx_word' id='word_1_67' title='bbox 1437 995 1514 1031; x_wconf 81' lang='lat' dir='ltr'><strong>lz&#39;n-</strong></span> 
     </span>
     <span class='ocr_line' id='line_1_11' title="bbox 312 1068 1515 1122; baseline -0.001 -15"><span class='ocrx_word' id='word_1_68' title='bbox 312 1083 417 1122; x_wconf 82' lang='lat' dir='ltr'><strong>guae</strong></span> <span class='ocrx_word' id='word_1_69' title='bbox 459 1077 544 1122; x_wconf 91' lang='lat' dir='ltr'><strong>post</strong></span> <span class='ocrx_word' id='word_1_70' title='bbox 587 1069 814 1121; x_wconf 80' lang='lat' dir='ltr'><strong>singularem</strong></span> <span class='ocrx_word' id='word_1_71' title='bbox 851 1083 994 1107; x_wconf 79' lang='lat' dir='ltr'><strong>manus</strong></span> <span class='ocrx_word' id='word_1_72' title='bbox 1032 1068 1170 1107; x_wconf 90' lang='lat' dir='ltr'><strong>habere</strong></span> <span class='ocrx_word' id='word_1_73' title='bbox 1216 1068 1317 1120; x_wconf 90' lang='lat' dir='ltr'><strong>quod</strong></span> <span class='ocrx_word' id='word_1_74' title='bbox 1348 1069 1515 1107; x_wconf 90' lang='lat' dir='ltr'><strong>animum</strong></span> 
     </span>
     <span class='ocr_line' id='line_1_12' title="bbox 315 1143 1515 1194; baseline 0 -15"><span class='ocrx_word' id='word_1_75' title='bbox 315 1143 498 1188; x_wconf 87' lang='lat' dir='ltr'><strong>advertat,</strong></span> <span class='ocrx_word' id='word_1_76' title='bbox 529 1143 593 1180; x_wconf 91' lang='lat' dir='ltr'><strong>sed</strong></span> <span class='ocrx_word' id='word_1_77' title='bbox 622 1151 756 1194; x_wconf 90' lang='lat' dir='ltr'><strong>poetae</strong></span> <span class='ocrx_word' id='word_1_78' title='bbox 785 1157 860 1181; x_wconf 89' lang='lat' dir='ltr'><strong>non</strong></span> <span class='ocrx_word' id='word_1_79' title='bbox 891 1145 942 1181; x_wconf 83' lang='lat' dir='ltr'><strong>ita</strong></span> <span class='ocrx_word' id='word_1_80' title='bbox 973 1144 1079 1181; x_wconf 78' lang='lat' dir='ltr'><strong>anxie</strong></span> <span class='ocrx_word' id='word_1_81' title='bbox 1112 1157 1287 1181; x_wconf 90' lang='lat' dir='ltr'><strong>numeros</strong></span> <span class='ocrx_word' id='word_1_82' title='bbox 1320 1144 1515 1180; x_wconf 85' lang='lat' dir='ltr'><strong>nominum</strong></span> 
     </span>
     <span class='ocr_line' id='line_1_13' title="bbox 316 1216 1515 1268; baseline 0 -14"><span class='ocrx_word' id='word_1_83' title='bbox 316 1225 479 1262; x_wconf 84' lang='lat' dir='ltr'><strong>servant,</strong></span> <span class='ocrx_word' id='word_1_84' title='bbox 511 1217 573 1255; x_wconf 92' lang='lat' dir='ltr'><strong>sed</strong></span> <span class='ocrx_word' id='word_1_85' title='bbox 603 1231 663 1254; x_wconf 88' lang='lat' dir='ltr'><strong>eos</strong></span> <span class='ocrx_word' id='word_1_86' title='bbox 691 1217 833 1255; x_wconf 76' lang='lat' dir='ltr'><strong>variare</strong></span> <span class='ocrx_word' id='word_1_87' title='bbox 852 1225 995 1264; x_wconf 83' lang='lat' dir='ltr'><strong>amant3</strong></span> <span class='ocrx_word' id='word_1_88' title='bbox 1019 1230 1104 1263; x_wconf 89' lang='lat' dir='ltr'><strong>nec,</strong></span> <span class='ocrx_word' id='word_1_89' title='bbox 1126 1217 1225 1268; x_wconf 90' lang='lat' dir='ltr'><strong>quod</strong></span> <span class='ocrx_word' id='word_1_90' title='bbox 1245 1216 1404 1254; x_wconf 88' lang='lat' dir='ltr'><strong>alterum</strong></span> <span class='ocrx_word' id='word_1_91' title='bbox 1425 1229 1515 1254; x_wconf 92' lang='lat' dir='ltr'><strong>con-</strong></span> 
     </span>
     <span class='ocr_line' id='line_1_14' title="bbox 316 1289 1515 1342; baseline -0.002 -14"><span class='ocrx_word' id='word_1_92' title='bbox 316 1304 432 1342; x_wconf 78' lang='lat' dir='ltr'><strong>gruae</strong></span> <span class='ocrx_word' id='word_1_93' title='bbox 474 1291 755 1342; x_wconf 83' lang='lat' dir='ltr'><strong>significationis</strong></span> <span class='ocrx_word' id='word_1_94' title='bbox 784 1291 940 1328; x_wconf 85' lang='lat' dir='ltr'><strong>verbum</strong></span> <span class='ocrx_word' id='word_1_95' title='bbox 970 1304 1037 1342; x_wconf 90' lang='lat' dir='ltr'><strong>per</strong></span> <span class='ocrx_word' id='word_1_96' title='bbox 1065 1304 1219 1341; x_wconf 80' lang='lat' dir='ltr'><strong>zeugma</strong></span> <span class='ocrx_word' id='word_1_97' title='bbox 1249 1290 1422 1341; x_wconf 87' lang='lat' dir='ltr'><strong>supplere</strong></span> <span class='ocrx_word' id='word_1_98' title='bbox 1451 1289 1515 1326; x_wconf 88' lang='lat' dir='ltr'><strong>de-</strong></span> 
     </span>
     <span class='ocr_line' id='line_1_15' title="bbox 316 1363 1514 1415; baseline -0.002 -14"><span class='ocrx_word' id='word_1_99' title='bbox 316 1365 465 1409; x_wconf 86' lang='lat' dir='ltr'><strong>bemus,</strong></span> <span class='ocrx_word' id='word_1_100' title='bbox 485 1364 599 1401; x_wconf 84' lang='lat' dir='ltr'><strong>habet</strong></span> <span class='ocrx_word' id='word_1_101' title='bbox 617 1378 694 1415; x_wconf 87' lang='lat' dir='ltr'><strong>quo</strong></span> <span class='ocrx_word' id='word_1_102' title='bbox 713 1379 779 1401; x_wconf 92' lang='lat' dir='ltr'><strong>nos</strong></span> <span class='ocrx_word' id='word_1_103' title='bbox 798 1364 976 1410; x_wconf 82' lang='lat' dir='ltr'><strong>offendat;</strong></span> <span class='ocrx_word' id='word_1_104' title='bbox 1002 1377 1111 1415; x_wconf 89' lang='lat' dir='ltr'><strong>saepe</strong></span> <span class='ocrx_word' id='word_1_105' title='bbox 1133 1364 1233 1400; x_wconf 90' lang='lat' dir='ltr'><strong>enim</strong></span> <span class='ocrx_word' id='word_1_106' title='bbox 1254 1363 1409 1400; x_wconf 82' lang='lat' dir='ltr'><strong>verbum</strong></span> <span class='ocrx_word' id='word_1_107' title='bbox 1430 1376 1514 1399; x_wconf 86' lang='lat' dir='ltr'><strong>cum</strong></span> 
     </span>
     <span class='ocr_line' id='line_1_16' title="bbox 314 1438 1517 1492; baseline -0.001 -16"><span class='ocrx_word' id='word_1_108' title='bbox 314 1438 484 1492; x_wconf 80' lang='lat' dir='ltr'><strong>proximo</strong></span> <span class='ocrx_word' id='word_1_109' title='bbox 514 1438 750 1476; x_wconf 81' lang='lat' dir='ltr'><strong>substantivo</strong></span> <span class='ocrx_word' id='word_1_110' title='bbox 781 1440 968 1476; x_wconf 88' lang='lat' dir='ltr'><strong>convenit.</strong></span> <span class='ocrx_word' id='word_1_111' title='bbox 1046 1438 1125 1476; x_wconf 89' lang='lat' dir='ltr'><strong>Nec</strong></span> <span class='ocrx_word' id='word_1_112' title='bbox 1153 1438 1258 1489; x_wconf 91' lang='lat' dir='ltr'><strong>quod</strong></span> <span class='ocrx_word' id='word_1_113' title='bbox 1289 1438 1431 1475; x_wconf 85' lang='lat' dir='ltr'><strong>dictum</strong></span> <span class='ocrx_word' id='word_1_114' title='bbox 1463 1446 1517 1476; x_wconf 87' lang='lat' dir='ltr'><strong>est</strong></span> 
     </span>
    </p>
   </div>
   <div class='ocr_carea' id='block_1_3' title="bbox 314 1513 1515 1567">
    <p class='ocr_par' dir='ltr' id='par_1_3' title="bbox 314 1513 1515 1567">
     <span class='ocr_line' id='line_1_17' title="bbox 314 1513 1515 1567; baseline -0.002 -15"><span class='ocrx_word' id='word_1_115' title='bbox 314 1517 431 1552; x_wconf 74' lang='lat' dir='ltr'><strong>canis</strong></span> <span class='ocrx_word' id='word_1_116' title='bbox 451 1514 589 1567; x_wconf 80' lang='lat' dir='ltr'><strong>Apula</strong></span> <span class='ocrx_word' id='word_1_117' title='bbox 619 1514 714 1566; x_wconf 80' lang='lat' dir='ltr'><strong>sing.</strong></span> <span class='ocrx_word' id='word_1_118' title='bbox 746 1527 921 1560; x_wconf 92' lang='lat' dir='ltr'><strong>numero,</strong></span> <span class='ocrx_word' id='word_1_119' title='bbox 952 1513 1059 1552; x_wconf 91' lang='lat' dir='ltr'><strong>nobis</strong></span> <span class='ocrx_word' id='word_1_120' title='bbox 1089 1513 1201 1551; x_wconf 90' lang='lat' dir='ltr'><strong>obiici</strong></span> <span class='ocrx_word' id='word_1_121' title='bbox 1229 1520 1366 1564; x_wconf 91' lang='lat' dir='ltr'><strong>potest,</strong></span> <span class='ocrx_word' id='word_1_122' title='bbox 1398 1526 1515 1563; x_wconf 88' lang='lat' dir='ltr'><strong>quum</strong></span> 
     </span>
    </p>
   </div>
   <div class='ocr_carea' id='block_1_4' title="bbox 318 1644 1517 1799">
    <p class='ocr_par' dir='ltr' id='par_1_4' title="bbox 318 1644 1517 1799">
     <span class='ocr_line' id='line_1_18' title="bbox 361 1644 1515 1692; baseline -0.005 -12"><span class='ocrx_word' id='word_1_123' title='bbox 361 1650 388 1690; x_wconf 84' lang='grc'><strong>1)</strong></span> <span class='ocrx_word' id='word_1_124' title='bbox 434 1648 518 1680; x_wconf 92' lang='lat' dir='ltr'><strong>Olim</strong></span> <span class='ocrx_word' id='word_1_125' title='bbox 542 1649 709 1680; x_wconf 87' lang='lat' dir='ltr'><strong>coniecerat</strong></span> <span class='ocrx_word' id='word_1_126' title='bbox 732 1648 813 1692; x_wconf 80' lang='lat' dir='ltr'><strong>(pag.</strong></span> <span class='ocrx_word' id='word_1_127' title='bbox 838 1650 873 1680; x_wconf 87' lang='grc'><strong>91</strong></span> <span class='ocrx_word' id='word_1_128' title='bbox 893 1673 902 1689; x_wconf 90' lang='grc'>,</span> <span class='ocrx_word' id='word_1_129' title='bbox 935 1650 1041 1691; x_wconf 85' lang='lat' dir='ltr'><strong>nota):</strong></span> <span class='ocrx_word' id='word_1_130' title='bbox 1065 1649 1128 1679; x_wconf 88' lang='lat' dir='ltr'><strong>Nec</strong></span> <span class='ocrx_word' id='word_1_131' title='bbox 1152 1648 1299 1691; x_wconf 77' lang='lat' dir='ltr'><strong>linguam</strong></span> <span class='ocrx_word' id='word_1_132' title='bbox 1322 1656 1353 1688; x_wconf 83' lang='lat' dir='ltr'><strong>q.</strong></span> <span class='ocrx_word' id='word_1_133' title='bbox 1380 1657 1404 1676; x_wconf 87' lang='lat' dir='ltr'><strong>s.</strong></span> <span class='ocrx_word' id='word_1_134' title='bbox 1430 1657 1456 1676; x_wconf 83' lang='lat' dir='ltr'><strong>c.</strong></span> <span class='ocrx_word' id='word_1_135' title='bbox 1481 1644 1515 1674; x_wconf 87' lang='lat' dir='ltr'><strong>A.</strong></span> 
     </span>
     <span class='ocr_line' id='line_1_19' title="bbox 318 1700 1515 1745; baseline -0.004 -12"><span class='ocrx_word' id='word_1_136' title='bbox 318 1703 443 1742; x_wconf 75' lang='lat' dir='ltr'><strong>tendit,</strong></span> <span class='ocrx_word' id='word_1_137' title='bbox 466 1715 558 1745; x_wconf 87' lang='lat' dir='ltr'><strong>quam</strong></span> <span class='ocrx_word' id='word_1_138' title='bbox 583 1703 826 1733; x_wconf 84' lang='lat' dir='ltr'><strong>emendationem</strong></span> <span class='ocrx_word' id='word_1_139' title='bbox 848 1704 959 1734; x_wconf 82' lang='lat' dir='ltr'><strong>merito</strong></span> <span class='ocrx_word' id='word_1_140' title='bbox 982 1704 1194 1734; x_wconf 85' lang='lat' dir='ltr'><strong>condemnavit</strong></span> <span class='ocrx_word' id='word_1_141' title='bbox 1218 1701 1330 1732; x_wconf 84' lang='lat' dir='ltr'><strong>Hauth.</strong></span> <span class='ocrx_word' id='word_1_142' title='bbox 1354 1701 1376 1731; x_wconf 92' lang='lat' dir='ltr'><strong>l.</strong></span> <span class='ocrx_word' id='word_1_143' title='bbox 1400 1700 1423 1730; x_wconf 92' lang='lat' dir='ltr'><strong>l.</strong></span> <span class='ocrx_word' id='word_1_144' title='bbox 1448 1710 1515 1741; x_wconf 81' lang='lat' dir='ltr'><strong>pag.</strong></span> 
     </span>
     <span class='ocr_line' id='line_1_20' title="bbox 318 1755 1517 1799; baseline -0.003 -13"><span class='ocrx_word' id='word_1_145' title='bbox 318 1757 397 1795; x_wconf 82' lang='grc'>317,</span> <span class='ocrx_word' id='word_1_146' title='bbox 408 1767 439 1785; x_wconf 89' lang='lat' dir='ltr'><strong>n.</strong></span> <span class='ocrx_word' id='word_1_147' title='bbox 452 1755 487 1772; x_wconf 58' lang='lat'><strong>”²</strong></span> <span class='ocrx_word' id='word_1_148' title='bbox 510 1755 597 1795; x_wconf 83' lang='lat' dir='ltr'><strong>Quod</strong></span> <span class='ocrx_word' id='word_1_149' title='bbox 610 1756 645 1786; x_wconf 90' lang='lat' dir='ltr'><strong>ed</strong></span> <span class='ocrx_word' id='word_1_150' title='bbox 659 1756 706 1786; x_wconf 85' lang='lat' dir='ltr'><strong>dit</strong></span> <span class='ocrx_word' id='word_1_151' title='bbox 719 1755 924 1787; x_wconf 85' lang='lat' dir='ltr'><strong>Achaintrius:</strong></span> <span class='ocrx_word' id='word_1_152' title='bbox 939 1758 1000 1786; x_wconf 86' lang='lat' dir='ltr'><strong>Nec</strong></span> <span class='ocrx_word' id='word_1_153' title='bbox 1015 1757 1146 1799; x_wconf 78' lang='lat' dir='ltr'><strong>linguae</strong></span> <span class='ocrx_word' id='word_1_154' title='bbox 1160 1763 1284 1786; x_wconf 80' lang='lat' dir='ltr'><strong>tantum</strong></span> <span class='ocrx_word' id='word_1_155' title='bbox 1294 1773 1336 1777; x_wconf 91' lang='lat'>—</span> <span class='ocrx_word' id='word_1_156' title='bbox 1348 1760 1517 1795; x_wconf 74' lang='lat' dir='ltr'><strong>quantum,</strong></span> 
     </span>
    </p>
   </div>
   <div class='ocr_carea' id='block_1_5' title="bbox 315 1809 1517 2619">
    <p class='ocr_par' dir='ltr' id='par_1_5' title="bbox 315 1809 1517 2619">
     <span class='ocr_line' id='line_1_21' title="bbox 317 1809 1517 1853; baseline -0.003 -12"><span class='ocrx_word' id='word_1_157' title='bbox 317 1810 419 1853; x_wconf 83' lang='lat' dir='ltr'><strong>paucis</strong></span> <span class='ocrx_word' id='word_1_158' title='bbox 441 1816 584 1850; x_wconf 81' lang='lat' dir='ltr'><strong>tantum,</strong></span> <span class='ocrx_word' id='word_1_159' title='bbox 608 1822 707 1853; x_wconf 83' lang='lat' dir='ltr'><strong>neque</strong></span> <span class='ocrx_word' id='word_1_160' title='bbox 730 1810 767 1841; x_wconf 81' lang='lat' dir='ltr'><strong>iis</strong></span> <span class='ocrx_word' id='word_1_161' title='bbox 790 1811 922 1853; x_wconf 83' lang='lat' dir='ltr'><strong>optimae</strong></span> <span class='ocrx_word' id='word_1_162' title='bbox 945 1817 1047 1850; x_wconf 81' lang='lat' dir='ltr'><strong>notae⁷</strong></span> <span class='ocrx_word' id='word_1_163' title='bbox 1072 1811 1185 1841; x_wconf 86' lang='lat' dir='ltr'><strong>nititur</strong></span> <span class='ocrx_word' id='word_1_164' title='bbox 1208 1809 1367 1841; x_wconf 85' lang='lat' dir='ltr'><strong>codicibus.</strong></span> <span class='ocrx_word' id='word_1_165' title='bbox 1397 1810 1517 1839; x_wconf 80' lang='lat' dir='ltr'><strong>Tantae</strong></span> 
     </span>
     <span class='ocr_line' id='line_1_22' title="bbox 315 1863 1514 1907; baseline -0.003 -12"><span class='ocrx_word' id='word_1_166' title='bbox 315 1870 420 1896; x_wconf 87' lang='lat' dir='ltr'><strong>contra</strong></span> <span class='ocrx_word' id='word_1_167' title='bbox 444 1875 589 1907; x_wconf 81' lang='lat' dir='ltr'><strong>magnam</strong></span> <span class='ocrx_word' id='word_1_168' title='bbox 613 1865 721 1907; x_wconf 85' lang='lat' dir='ltr'><strong>accipit</strong></span> <span class='ocrx_word' id='word_1_169' title='bbox 745 1866 960 1896; x_wconf 84' lang='lat' dir='ltr'><strong>auctoritatem</strong></span> <span class='ocrx_word' id='word_1_170' title='bbox 976 1877 1010 1896; x_wconf 83' lang='lat' dir='ltr'><strong>cx</strong></span> <span class='ocrx_word' id='word_1_171' title='bbox 1022 1865 1104 1896; x_wconf 90' lang='lat' dir='ltr'><strong>codd.</strong></span> <span class='ocrx_word' id='word_1_172' title='bbox 1129 1868 1215 1895; x_wconf 82' lang='lat' dir='ltr'><strong>Rom.</strong></span> <span class='ocrx_word' id='word_1_173' title='bbox 1240 1870 1270 1895; x_wconf 92' lang='lat' dir='ltr'><strong>ct</strong></span> <span class='ocrx_word' id='word_1_174' title='bbox 1290 1863 1388 1894; x_wconf 85' lang='lat' dir='ltr'><strong>tribus</strong></span> <span class='ocrx_word' id='word_1_175' title='bbox 1409 1864 1514 1893; x_wconf 84' lang='lat' dir='ltr'><strong>Trevv.</strong></span> 
     </span>
     <span class='ocr_line' id='line_1_23' title="bbox 315 1918 1515 1961; baseline -0.002 -12"><span class='ocrx_word' id='word_1_176' title='bbox 315 1918 395 1961; x_wconf 82' lang='lat' dir='ltr'><strong>apud</strong></span> <span class='ocrx_word' id='word_1_177' title='bbox 409 1919 511 1949; x_wconf 88' lang='lat' dir='ltr'><strong>Heinr.</strong></span> <span class='ocrx_word' id='word_1_178' title='bbox 538 1919 632 1961; x_wconf 88' lang='lat' dir='ltr'><strong>(apud</strong></span> <span class='ocrx_word' id='word_1_179' title='bbox 657 1918 741 1950; x_wconf 86' lang='lat' dir='ltr'><strong>Iahn.</strong></span> <span class='ocrx_word' id='word_1_180' title='bbox 757 1931 826 1950; x_wconf 82' lang='lat' dir='ltr'><strong>vcro</strong></span> <span class='ocrx_word' id='word_1_181' title='bbox 849 1931 910 1951; x_wconf 89' lang='lat' dir='ltr'><strong>non</strong></span> <span class='ocrx_word' id='word_1_182' title='bbox 935 1919 1066 1951; x_wconf 88' lang='lat' dir='ltr'><strong>indicata</strong></span> <span class='ocrx_word' id='word_1_183' title='bbox 1089 1925 1134 1950; x_wconf 87' lang='lat' dir='ltr'><strong>est</strong></span> <span class='ocrx_word' id='word_1_184' title='bbox 1158 1919 1250 1950; x_wconf 86' lang='lat' dir='ltr'><strong>lectio</strong></span> <span class='ocrx_word' id='word_1_185' title='bbox 1272 1918 1334 1950; x_wconf 91' lang='lat' dir='ltr'><strong>cod.</strong></span> <span class='ocrx_word' id='word_1_186' title='bbox 1359 1919 1445 1948; x_wconf 80' lang='lat' dir='ltr'><strong>TreV.</strong></span> <span class='ocrx_word' id='word_1_187' title='bbox 1473 1918 1515 1958; x_wconf 89' lang='lat'><strong>1.)</strong></span> 
     </span>
     <span class='ocr_line' id='line_1_24' title="bbox 316 1973 1515 2017; baseline -0.002 -13"><span class='ocrx_word' id='word_1_188' title='bbox 316 1978 346 2004; x_wconf 84' lang='lat' dir='ltr'><strong>et</strong></span> <span class='ocrx_word' id='word_1_189' title='bbox 369 1979 521 2016; x_wconf 86' lang='lat' dir='ltr'><strong>praetcrea</strong></span> <span class='ocrx_word' id='word_1_190' title='bbox 540 1985 556 2004; x_wconf 92' lang='lat' dir='ltr'><strong>e</strong></span> <span class='ocrx_word' id='word_1_191' title='bbox 572 1975 651 2004; x_wconf 82' lang='lat' dir='ltr'><strong>Voss.</strong></span> <span class='ocrx_word' id='word_1_192' title='bbox 680 1978 708 2013; x_wconf 85' lang='grc'><strong>1,</strong></span> <span class='ocrx_word' id='word_1_193' title='bbox 732 1974 841 2005; x_wconf 87' lang='lat' dir='ltr'><strong>Ebner.</strong></span> <span class='ocrx_word' id='word_1_194' title='bbox 855 1980 886 2005; x_wconf 88' lang='lat' dir='ltr'><strong>et</strong></span> <span class='ocrx_word' id='word_1_195' title='bbox 899 1974 989 2013; x_wconf 79' lang='lat' dir='ltr'><strong>Leid.‚</strong></span> <span class='ocrx_word' id='word_1_196' title='bbox 1003 1974 1057 2017; x_wconf 88' lang='lat' dir='ltr'><strong>qui</strong></span> <span class='ocrx_word' id='word_1_197' title='bbox 1070 1974 1130 2005; x_wconf 86' lang='lat' dir='ltr'><strong>duo</strong></span> <span class='ocrx_word' id='word_1_198' title='bbox 1142 1973 1286 2016; x_wconf 88' lang='lat' dir='ltr'><strong>postremi</strong></span> <span class='ocrx_word' id='word_1_199' title='bbox 1306 1984 1376 2004; x_wconf 92' lang='lat' dir='ltr'><strong>cum</strong></span> <span class='ocrx_word' id='word_1_200' title='bbox 1395 1974 1515 2015; x_wconf 44' lang='lat' dir='ltr'><strong>Trev32</strong></span> 
     </span>
     <span class='ocr_line' id='line_1_25' title="bbox 316 2027 1515 2071; baseline -0.003 -12"><span class='ocrx_word' id='word_1_201' title='bbox 316 2029 410 2059; x_wconf 81' lang='lat' dir='ltr'><strong>etiam</strong></span> <span class='ocrx_word' id='word_1_202' title='bbox 433 2030 561 2058; x_wconf 76' lang='lat' dir='ltr'><strong>imitari</strong></span> <span class='ocrx_word' id='word_1_203' title='bbox 582 2028 737 2058; x_wconf 79' lang='lat' dir='ltr'><strong>exhibent.</strong></span> <span class='ocrx_word' id='word_1_204' title='bbox 761 2047 802 2051; x_wconf 90' lang='lat'><em>—</em></span> <span class='ocrx_word' id='word_1_205' title='bbox 828 2030 1001 2059; x_wconf 84' lang='lat' dir='ltr'><strong>Lectionem</strong></span> <span class='ocrx_word' id='word_1_206' title='bbox 1023 2029 1085 2059; x_wconf 91' lang='lat' dir='ltr'><strong>cod.</strong></span> <span class='ocrx_word' id='word_1_207' title='bbox 1110 2030 1178 2058; x_wconf 86' lang='lat' dir='ltr'><strong>Put.</strong></span> <span class='ocrx_word' id='word_1_208' title='bbox 1202 2040 1218 2058; x_wconf 88' lang='lat' dir='ltr'><strong>e</strong></span> <span class='ocrx_word' id='word_1_209' title='bbox 1241 2040 1301 2071; x_wconf 89' lang='lat' dir='ltr'><strong>quo</strong></span> <span class='ocrx_word' id='word_1_210' title='bbox 1325 2027 1409 2058; x_wconf 87' lang='lat' dir='ltr'><strong>lahn.</strong></span> <span class='ocrx_word' id='word_1_211' title='bbox 1424 2028 1460 2067; x_wconf 83' lang='lat' dir='ltr'><strong>(P</strong></span> <span class='ocrx_word' id='word_1_212' title='bbox 1474 2028 1515 2066; x_wconf 83' lang='grc'><strong>1.)</strong></span> 
     </span>
     <span class='ocr_line' id='line_1_26' title="bbox 316 2079 1515 2125; baseline -0.003 -12"><span class='ocrx_word' id='word_1_213' title='bbox 316 2087 348 2113; x_wconf 85' lang='lat' dir='ltr'><strong>et</strong></span> <span class='ocrx_word' id='word_1_214' title='bbox 371 2081 484 2112; x_wconf 83' lang='lat' dir='ltr'><strong>Hauth.</strong></span> <span class='ocrx_word' id='word_1_215' title='bbox 510 2083 589 2121; x_wconf 88' lang='lat' dir='ltr'><strong>(Par.</strong></span> <span class='ocrx_word' id='word_1_216' title='bbox 615 2084 715 2122; x_wconf 78' lang='lat'>8048)</span> <span class='ocrx_word' id='word_1_217' title='bbox 740 2082 889 2113; x_wconf 88' lang='lat' dir='ltr'><strong>dederunt</strong></span> <span class='ocrx_word' id='word_1_218' title='bbox 913 2090 1020 2122; x_wconf 68' lang='lat' dir='ltr'><strong>tante,</strong></span> <span class='ocrx_word' id='word_1_219' title='bbox 1055 2083 1240 2125; x_wconf 87' lang='lat' dir='ltr'><strong>quibuscum</strong></span> <span class='ocrx_word' id='word_1_220' title='bbox 1271 2081 1343 2112; x_wconf 84' lang='lat' dir='ltr'><strong>facit</strong></span> <span class='ocrx_word' id='word_1_221' title='bbox 1366 2079 1490 2112; x_wconf 84' lang='lat' dir='ltr'><strong>Casaub.</strong></span> <span class='ocrx_word' id='word_1_222' title='bbox 1506 2102 1515 2118; x_wconf 85' lang='lat'>‚</span> 
     </span>
     <span class='ocr_line' id='line_1_27' title="bbox 316 2136 1516 2168; baseline -0.003 0"><span class='ocrx_word' id='word_1_223' title='bbox 316 2148 379 2168; x_wconf 87' lang='lat' dir='ltr'><strong>non</strong></span> <span class='ocrx_word' id='word_1_224' title='bbox 402 2136 549 2167; x_wconf 83' lang='lat' dir='ltr'><strong>indicavit</strong></span> <span class='ocrx_word' id='word_1_225' title='bbox 574 2139 674 2167; x_wconf 86' lang='lat' dir='ltr'><strong>Herm.</strong></span> <span class='ocrx_word' id='word_1_226' title='bbox 711 2137 863 2167; x_wconf 87' lang='lat' dir='ltr'><strong>Similiter</strong></span> <span class='ocrx_word' id='word_1_227' title='bbox 887 2136 973 2167; x_wconf 84' lang='lat' dir='ltr'><strong>Iahn.</strong></span> <span class='ocrx_word' id='word_1_228' title='bbox 998 2137 1102 2167; x_wconf 87' lang='lat' dir='ltr'><strong>omisit</strong></span> <span class='ocrx_word' id='word_1_229' title='bbox 1124 2137 1284 2167; x_wconf 86' lang='lat' dir='ltr'><strong>lectionem</strong></span> <span class='ocrx_word' id='word_1_230' title='bbox 1308 2136 1371 2167; x_wconf 88' lang='lat' dir='ltr'><strong>cod.</strong></span> <span class='ocrx_word' id='word_1_231' title='bbox 1394 2137 1416 2165; x_wconf 94' lang='lat' dir='ltr'>P</span> <span class='ocrx_word' id='word_1_232' title='bbox 1441 2137 1469 2165; x_wconf 85' lang='lat'><strong>7.</strong></span> <span class='ocrx_word' id='word_1_233' title='bbox 1500 2145 1516 2164; x_wconf 87' lang='lat' dir='ltr'><strong>c</strong></span> 
     </span>
     <span class='ocr_line' id='line_1_28' title="bbox 316 2188 1516 2237; baseline -0.003 -14"><span class='ocrx_word' id='word_1_234' title='bbox 316 2203 378 2236; x_wconf 91' lang='lat' dir='ltr'><strong>quo</strong></span> <span class='ocrx_word' id='word_1_235' title='bbox 401 2190 515 2221; x_wconf 83' lang='lat' dir='ltr'><strong>Hauth.</strong></span> <span class='ocrx_word' id='word_1_236' title='bbox 541 2192 620 2231; x_wconf 88' lang='lat' dir='ltr'><strong>(Par.</strong></span> <span class='ocrx_word' id='word_1_237' title='bbox 648 2193 749 2237; x_wconf 78' lang='lat'>8055)</span> <span class='ocrx_word' id='word_1_238' title='bbox 767 2191 856 2222; x_wconf 84' lang='lat' dir='ltr'><strong>affert</strong></span> <span class='ocrx_word' id='word_1_239' title='bbox 880 2198 999 2221; x_wconf 77' lang='lat' dir='ltr'><strong>tantae.</strong></span> <span class='ocrx_word' id='word_1_240' title='bbox 1024 2193 1073 2222; x_wconf 86' lang='lat' dir='ltr'><strong>Vs.</strong></span> <span class='ocrx_word' id='word_1_241' title='bbox 1097 2193 1139 2221; x_wconf 87' lang='lat'><strong>59</strong></span> <span class='ocrx_word' id='word_1_242' title='bbox 1151 2190 1238 2221; x_wconf 75' lang='lat' dir='ltr'><strong>Iahn.</strong></span> <span class='ocrx_word' id='word_1_243' title='bbox 1260 2190 1312 2221; x_wconf 79' lang='lat' dir='ltr'><strong>dat</strong></span> <span class='ocrx_word' id='word_1_244' title='bbox 1324 2190 1411 2219; x_wconf 78' lang='lat' dir='ltr'><strong>altas</strong></span> <span class='ocrx_word' id='word_1_245' title='bbox 1423 2188 1516 2231; x_wconf 87' lang='lat' dir='ltr'><strong>(quod</strong></span> 
     </span>
     <span class='ocr_line' id='line_1_29' title="bbox 316 2245 1513 2290; baseline -0.003 -11"><span class='ocrx_word' id='word_1_246' title='bbox 316 2246 400 2279; x_wconf 83' lang='lat' dir='ltr'><strong>Reiz.</strong></span> <span class='ocrx_word' id='word_1_247' title='bbox 429 2251 460 2276; x_wconf 85' lang='lat' dir='ltr'><strong>et</strong></span> <span class='ocrx_word' id='word_1_248' title='bbox 491 2246 618 2289; x_wconf 81' lang='lat' dir='ltr'><strong>Koenig.</strong></span> <span class='ocrx_word' id='word_1_249' title='bbox 655 2245 705 2286; x_wconf 82' lang='lat' dir='ltr'><strong>(cf.</strong></span> <span class='ocrx_word' id='word_1_250' title='bbox 728 2248 840 2278; x_wconf 89' lang='lat' dir='ltr'><strong>Passov.</strong></span> <span class='ocrx_word' id='word_1_251' title='bbox 873 2258 939 2290; x_wconf 78' lang='lat' dir='ltr'><strong>pag.</strong></span> <span class='ocrx_word' id='word_1_252' title='bbox 966 2248 1055 2288; x_wconf 61' lang='lat'><strong>2⁸3.)</strong></span> <span class='ocrx_word' id='word_1_253' title='bbox 1090 2246 1184 2277; x_wconf 83' lang='lat' dir='ltr'><strong>tacite</strong></span> <span class='ocrx_word' id='word_1_254' title='bbox 1215 2245 1248 2276; x_wconf 89' lang='lat' dir='ltr'><strong>in</strong></span> <span class='ocrx_word' id='word_1_255' title='bbox 1282 2250 1403 2276; x_wconf 81' lang='lat' dir='ltr'><strong>textum</strong></span> <span class='ocrx_word' id='word_1_256' title='bbox 1437 2255 1513 2276; x_wconf 86' lang='lat' dir='ltr'><strong>rece-</strong></span> 
     </span>
     <span class='ocr_line' id='line_1_30' title="bbox 315 2298 1515 2344; baseline -0.002 -13"><span class='ocrx_word' id='word_1_257' title='bbox 315 2302 444 2344; x_wconf 84' lang='lat' dir='ltr'><strong>perunt)</strong></span> <span class='ocrx_word' id='word_1_258' title='bbox 468 2311 502 2331; x_wconf 82' lang='lat' dir='ltr'><strong>ex</strong></span> <span class='ocrx_word' id='word_1_259' title='bbox 526 2311 588 2331; x_wconf 89' lang='lat' dir='ltr'><strong>uno</strong></span> <span class='ocrx_word' id='word_1_260' title='bbox 611 2299 672 2331; x_wconf 91' lang='lat' dir='ltr'><strong>cod.</strong></span> <span class='ocrx_word' id='word_1_261' title='bbox 697 2300 789 2332; x_wconf 88' lang='lat' dir='ltr'><strong>Guelf</strong></span> <span class='ocrx_word' id='word_1_262' title='bbox 809 2302 865 2341; x_wconf 90' lang='lat' dir='ltr'><strong>(W</strong></span> <span class='ocrx_word' id='word_1_263' title='bbox 880 2303 934 2342; x_wconf 82' lang='lat'><strong>1.)‚</strong></span> <span class='ocrx_word' id='word_1_264' title='bbox 958 2300 1040 2344; x_wconf 89' lang='lat' dir='ltr'><strong>quod</strong></span> <span class='ocrx_word' id='word_1_265' title='bbox 1063 2300 1207 2331; x_wconf 86' lang='lat' dir='ltr'><strong>omissum</strong></span> <span class='ocrx_word' id='word_1_266' title='bbox 1231 2298 1515 2330; x_wconf 83' lang='lat' dir='ltr'><strong>videturaSchnei-</strong></span> 
     </span>
     <span class='ocr_line' id='line_1_31' title="bbox 316 2354 1515 2400; baseline 0.001 -14"><span class='ocrx_word' id='word_1_267' title='bbox 316 2355 457 2396; x_wconf 79' lang='lat' dir='ltr'><strong>dewino,</strong></span> <span class='ocrx_word' id='word_1_268' title='bbox 480 2356 530 2387; x_wconf 92' lang='lat' dir='ltr'><strong>cui</strong></span> <span class='ocrx_word' id='word_1_269' title='bbox 555 2358 746 2387; x_wconf 87' lang='lat' dir='ltr'><strong>Hermannus</strong></span> <span class='ocrx_word' id='word_1_270' title='bbox 770 2356 843 2397; x_wconf 87' lang='lat' dir='ltr'><strong>(vid.</strong></span> <span class='ocrx_word' id='word_1_271' title='bbox 867 2357 949 2400; x_wconf 87' lang='lat' dir='ltr'><strong>Disp.</strong></span> <span class='ocrx_word' id='word_1_272' title='bbox 975 2358 1022 2396; x_wconf 95' lang='grc' dir='ltr'><strong>ΙΙ,</strong></span> <span class='ocrx_word' id='word_1_273' title='bbox 1047 2358 1085 2397; x_wconf 76' lang='lat'><strong>4,</strong></span> <span class='ocrx_word' id='word_1_274' title='bbox 1108 2358 1166 2400; x_wconf 90' lang='lat' dir='ltr'><strong>sq.)</strong></span> <span class='ocrx_word' id='word_1_275' title='bbox 1190 2367 1277 2387; x_wconf 90' lang='lat' dir='ltr'><strong>suam</strong></span> <span class='ocrx_word' id='word_1_276' title='bbox 1298 2355 1379 2386; x_wconf 89' lang='lat' dir='ltr'><strong>codd.</strong></span> <span class='ocrx_word' id='word_1_277' title='bbox 1404 2354 1515 2387; x_wconf 82' lang='lat' dir='ltr'><strong>Guelff.</strong></span> 
     </span>
     <span class='ocr_line' id='line_1_32' title="bbox 316 2409 1516 2455; baseline 0 -15"><span class='ocrx_word' id='word_1_278' title='bbox 316 2410 512 2441; x_wconf 79' lang='lat' dir='ltr'><strong>collationem</strong></span> <span class='ocrx_word' id='word_1_279' title='bbox 534 2410 645 2451; x_wconf 79' lang='lat' dir='ltr'><strong>debet,</strong></span> <span class='ocrx_word' id='word_1_280' title='bbox 669 2417 704 2443; x_wconf 91' lang='lat' dir='ltr'><strong>ut</strong></span> <span class='ocrx_word' id='word_1_281' title='bbox 728 2412 791 2455; x_wconf 88' lang='lat' dir='ltr'><strong>ipse</strong></span> <span class='ocrx_word' id='word_1_282' title='bbox 824 2411 921 2451; x_wconf 85' lang='lat' dir='ltr'><strong>dicit,</strong></span> <span class='ocrx_word' id='word_1_283' title='bbox 953 2411 1029 2454; x_wconf 83' lang='lat' dir='ltr'><strong>disp.</strong></span> <span class='ocrx_word' id='word_1_284' title='bbox 1060 2414 1109 2451; x_wconf 92' lang='grc' dir='ltr'><strong>ΙΙ,</strong></span> <span class='ocrx_word' id='word_1_285' title='bbox 1134 2414 1185 2443; x_wconf 86' lang='grc'><strong>16.</strong></span> <span class='ocrx_word' id='word_1_286' title='bbox 1221 2410 1416 2443; x_wconf 88' lang='lat' dir='ltr'><strong>Contrarium</strong></span> <span class='ocrx_word' id='word_1_287' title='bbox 1439 2409 1516 2440; x_wconf 88' lang='lat' dir='ltr'><strong>obti-</strong></span> 
     </span>
     <span class='ocr_line' id='line_1_33' title="bbox 316 2462 1515 2506; baseline -0.003 -11"><span class='ocrx_word' id='word_1_288' title='bbox 316 2464 390 2495; x_wconf 82' lang='lat' dir='ltr'><strong>nuit</strong></span> <span class='ocrx_word' id='word_1_289' title='bbox 413 2475 455 2494; x_wconf 90' lang='lat' dir='ltr'><strong>vs.</strong></span> <span class='ocrx_word' id='word_1_290' title='bbox 479 2467 521 2494; x_wconf 79' lang='lat'><strong>55</strong></span> <span class='ocrx_word' id='word_1_291' title='bbox 537 2487 546 2503; x_wconf 85' lang='grc'>,</span> <span class='ocrx_word' id='word_1_292' title='bbox 569 2464 622 2494; x_wconf 88' lang='lat' dir='ltr'><strong>ubi</strong></span> <span class='ocrx_word' id='word_1_293' title='bbox 646 2465 726 2496; x_wconf 89' lang='lat' dir='ltr'><strong>solus</strong></span> <span class='ocrx_word' id='word_1_294' title='bbox 750 2468 964 2505; x_wconf 73' lang='lat' dir='ltr'><strong>Hei-mannus,</strong></span> <span class='ocrx_word' id='word_1_295' title='bbox 992 2466 1079 2496; x_wconf 90' lang='lat' dir='ltr'><strong>cuius</strong></span> <span class='ocrx_word' id='word_1_296' title='bbox 1101 2465 1224 2496; x_wconf 88' lang='lat' dir='ltr'><strong>collatio</strong></span> <span class='ocrx_word' id='word_1_297' title='bbox 1247 2465 1429 2506; x_wconf 85' lang='lat' dir='ltr'><strong>plerumque</strong></span> <span class='ocrx_word' id='word_1_298' title='bbox 1453 2462 1515 2505; x_wconf 87' lang='lat' dir='ltr'><strong>ple-</strong></span> 
     </span>
     <span class='ocr_line' id='line_1_34' title="bbox 317 2515 1515 2559; baseline -0.002 -10"><span class='ocrx_word' id='word_1_299' title='bbox 317 2518 386 2549; x_wconf 88' lang='lat' dir='ltr'><strong>nior</strong></span> <span class='ocrx_word' id='word_1_300' title='bbox 409 2517 555 2559; x_wconf 83' lang='lat' dir='ltr'><strong>videtur,</strong></span> <span class='ocrx_word' id='word_1_301' title='bbox 578 2528 613 2548; x_wconf 88' lang='lat' dir='ltr'><strong>cx</strong></span> <span class='ocrx_word' id='word_1_302' title='bbox 636 2517 684 2548; x_wconf 90' lang='lat' dir='ltr'><strong>his</strong></span> <span class='ocrx_word' id='word_1_303' title='bbox 706 2518 822 2550; x_wconf 90' lang='lat' dir='ltr'><strong>duobus</strong></span> <span class='ocrx_word' id='word_1_304' title='bbox 845 2519 996 2550; x_wconf 85' lang='lat' dir='ltr'><strong>codicibus</strong></span> <span class='ocrx_word' id='word_1_305' title='bbox 1019 2519 1201 2551; x_wconf 87' lang='lat' dir='ltr'><strong>deteriorem</strong></span> <span class='ocrx_word' id='word_1_306' title='bbox 1227 2517 1389 2548; x_wconf 83' lang='lat' dir='ltr'><strong>lectionem</strong></span> <span class='ocrx_word' id='word_1_307' title='bbox 1416 2515 1515 2547; x_wconf 81' lang='lat' dir='ltr'><strong>dicito</strong></span> 
     </span>
     <span class='ocr_line' id='line_1_35' title="bbox 316 2572 984 2619; baseline -0.004 -12"><span class='ocrx_word' id='word_1_308' title='bbox 316 2573 439 2619; x_wconf 84' lang='lat' dir='ltr'><strong>profert.</strong></span> <span class='ocrx_word' id='word_1_309' title='bbox 459 2573 500 2606; x_wconf 86' lang='lat' dir='ltr'><strong>Cf.</strong></span> <span class='ocrx_word' id='word_1_310' title='bbox 525 2572 623 2606; x_wconf 83' lang='lat' dir='ltr'><strong>Teuff.</strong></span> <span class='ocrx_word' id='word_1_311' title='bbox 648 2574 681 2605; x_wconf 88' lang='lat' dir='ltr'><strong>in</strong></span> <span class='ocrx_word' id='word_1_312' title='bbox 704 2584 782 2605; x_wconf 83' lang='lat' dir='ltr'><strong>cens.</strong></span> <span class='ocrx_word' id='word_1_313' title='bbox 806 2573 828 2604; x_wconf 92' lang='grc'><strong>1.</strong></span> <span class='ocrx_word' id='word_1_314' title='bbox 852 2586 882 2616; x_wconf 87' lang='lat' dir='ltr'><strong>p.</strong></span> <span class='ocrx_word' id='word_1_315' title='bbox 911 2576 984 2605; x_wconf 87' lang='lat'><strong>778.</strong></span> 
     </span>
    </p>
   </div>
   <div class='ocr_carea' id='block_1_6' title="bbox 1314 3075 1857 3113">
    <p class='ocr_par' dir='ltr' id='par_1_6' title="bbox 1314 3075 1857 3113">
     <span class='ocr_line' id='line_1_36' title="bbox 1314 3075 1857 3113; baseline 0 0"><span class='ocrx_word' id='word_1_316' title='bbox 1314 3075 1857 3113; x_wconf 95' lang='lat' dir='ltr'><strong> </strong></span> 
     </span>
    </p>
   </div>
  </div>
 </body>
</html>
