1857 3113
934 249 984 284 82

357 353 524 392 saubono
557 355 604 405 1).
658 352 856 391 Videmus
885 354 987 393 enim
1018 354 1138 407 quod,
1168 355 1324 408 plurimi
1351 353 1497 393 codices
1526 353 1561 403 2)

356 437 393 467 et
422 428 627 467 Scholiasta
660 428 946 475 commendant,
978 430 1089 467 unice
1113 430 1320 468 sententiae
1351 442 1564 467 accommo—

356 501 488 540 datum
529 509 609 548 est,
644 502 711 540 ubi
751 517 828 540 non
876 503 1000 556 agitur
1044 504 1090 542 de
1135 504 1263 543 studiis
1300 504 1337 542 in
1368 503 1564 542 rhetorum

357 577 494 615 scholis
515 580 567 627 3),
587 578 649 615 sed
667 578 712 615 de
732 587 1011 630 poetastrorum
1045 580 1235 630 periculis.
1296 581 1409 619 Multi
1439 587 1566 618 tamen

357 652 581 704 interpretes
612 655 765 704 nugari
799 652 951 690 Graece
971 653 1271 706 interpretantur
1287 655 1333 693 de
1354 655 1566 693 scholarum

360 726 688 764 exercitationibus
710 756 719 771 ,
763 727 823 764 vel
855 727 901 764 de
930 728 1052 778 prima
1087 742 1294 780 puerorum
1331 729 1568 766 institutione

363 813 460 851 quae
502 800 548 837 ad
595 800 738 838 litteras
785 800 944 839 Graecas
989 802 1203 855 spectabat3
1254 802 1306 840 ita
1351 801 1568 856 nuperrime

363 873 596 913 Duentzerus
615 905 624 921 ,
657 882 807 912 vertens
830 890 837 912 :
873 889 897 912 »
916 875 1176 914 Griechis'ches
1198 877 1338 914 Thema
1364 875 1566 928 gemacht'’

363 958 400 988 et
428 950 531 1003 prior
559 950 799 989 Hermannus
818 981 828 998 ‚
868 965 985 1003 quem
1016 958 1118 988 recte
1147 951 1186 988 in
1215 965 1259 989 eo
1289 951 1426 994 refellit
1455 950 1568 989 Teuf-

364 1026 474 1064 felius
492 1056 501 1071 ,
547 1027 613 1078 qui
659 1028 840 1080 optimam
885 1027 1008 1065 Iahnii
1056 1027 1345 1079 explicationem
1373 1027 1568 1078 sequitur,

365 1102 519 1151 nuqarz'
551 1099 704 1138 Graece
734 1101 948 1153 intelligens
977 1101 1026 1138 de
1049 1101 1172 1153 parvis
1201 1108 1238 1139 et
1266 1101 1412 1138 levibus
1440 1100 1568 1149 (Ana-

365 1176 605 1220 creonticis,
638 1174 779 1225 Teuff.)
813 1175 1043 1213 carminibus
1073 1188 1291 1226 graecorum
1317 1189 1422 1212 more
1448 1174 1567 1213 factis.

367 1247 538 1285 Eandem
569 1248 787 1300 opinionem
817 1249 863 1287 de
891 1248 965 1286 hoe
996 1248 1077 1286 loco
1107 1247 1241 1286 habuit
1260 1247 1502 1287 Heinrichius
1530 1254 1568 1285 et

369 1325 443 1361 iam
474 1323 597 1361 multo
627 1330 714 1360 ante
745 1323 911 1361 Bondius
931 1324 968 1360 in
995 1323 1164 1375 ecphrasi
1187 1323 1232 1360 ad
1261 1322 1300 1361 h.
1322 1324 1348 1362 Ι.
1383 1323 1570 1362 Adverbi-

367 1412 431 1436 um
449 1397 581 1443 modo,
612 1397 716 1449 quod
747 1398 902 1450 plurimi
923 1399 958 1448 4)
991 1411 1079 1435 cum
1103 1396 1254 1449 afferre
1271 1398 1453 1436 videmus
1480 1412 1571 1436 con-

368 1476 553 1526 iungunt,
580 1472 818 1511 Duentzerus
844 1487 928 1512 vero
955 1486 1042 1511 eum
1068 1476 1219 1526 nugari
1246 1475 1387 1512 solitos
1421 1473 1572 1511 Graece

420 1620 448 1661 ¹)
494 1619 555 1660 Qui
579 1625 683 1650 tamen
699 1644 707 1659 ,
731 1631 797 1663 pag.
825 1621 886 1658 72,
910 1630 979 1650 vere
1001 1619 1219 1651 animadvertit
1242 1618 1335 1650 huius
1357 1621 1420 1650 Sat.
1445 1629 1500 1650 vss.
1527 1621 1569 1650 19

370 1681 402 1706 et
426 1677 468 1706 80
491 1674 616 1704 lectioni
640 1675 788 1705 videmus
820 1673 928 1705 favere.
979 1675 1129 1705 Videmus
1163 1675 1224 1705 iam
1256 1675 1375 1705 invenit
1399 1674 1511 1706 Hauth.
1536 1674 1572 1715 (l.

372 1730 393 1761 l.
418 1741 485 1772 pag.
510 1732 571 1767 25,
596 1730 653 1771 sq.)
678 1728 710 1758 in
733 1729 945 1771 antiquissima
968 1727 1061 1765 edit.;
1085 1728 1194 1758 merito
1217 1728 1316 1770 igitur
1330 1728 1434 1771 culpat
1458 1729 1572 1759 Passov.

369 1784 539 1822 dicentem,
564 1794 629 1826 pag.
656 1784 739 1823 291,
764 1795 867 1814 omnes
889 1783 1035 1815 editiones
1059 1788 1131 1814 ante
1156 1783 1294 1814 Reizium
1317 1782 1459 1814 exhibere
1482 1782 1572 1814 doce-

368 1851 450 1870 mus.
498 1839 603 1870 Etiam
627 1837 756 1869 Farnah.
781 1844 811 1869 et
836 1838 927 1869 Bond.
950 1839 1012 1869 iam
1036 1836 1186 1869 dederant
1209 1838 1366 1868 videmus.

416 1895 443 1934 ²)
489 1894 603 1923 Passov.
639 1892 786 1922 videmus
820 1893 941 1923 invenit
976 1893 1009 1923 in
1043 1892 1126 1923 codd.
1163 1894 1313 1931 Monam,
1344 1891 1392 1923 sed
1416 1903 1451 1923 ex
1474 1893 1504 1922 Μ
1539 1893 1569 1922 4.

373 1950 463 1989 (Pass.
489 1949 566 1978 Mon.
591 1947 626 1986 2)
650 1946 735 1977 Iahn.
759 1946 848 1977 affert
871 1947 1031 1977 docemus.
1077 1947 1126 1978 Sic
1150 1947 1253 1978 Heinr.
1277 1947 1309 1977 in
1335 1947 1418 1978 codd.
1443 1948 1528 1977 Trev.
1553 1948 1572 1977 1

370 2007 402 2033 et.
424 2000 515 2031 Goth.
540 2000 646 2042 legisse
669 2000 792 2031 videtur
805 2001 975 2038 docemus;
997 2007 1029 2031 at
1042 2003 1156 2032 Passov.
1170 2013 1185 2032 e
1208 2000 1299 2032 Goth.
1315 2001 1444 2032 alteram
1469 2000 1573 2033 lectio-

375 2067 445 2087 nem
469 2053 579 2093 affert,
610 2065 626 2084 e
649 2054 771 2085 silentio
794 2054 880 2086 Iahn.
910 2054 1124 2097 colligeremus
1154 2066 1226 2086 eum
1249 2056 1342 2086 etiam
1365 2056 1513 2087 videmus
1535 2055 1570 2086 in

374 2110 422 2141 his
434 2108 551 2141 duobus
574 2108 732 2140 invenisse.
757 2109 909 2140 Similiter
931 2115 1098 2141 statuerem
1122 2109 1158 2140 de
1181 2109 1320 2152 palimps.
1346 2109 1573 2150 Vat.leetione‚

374 2167 435 2198 nisi
460 2168 560 2197 Herm.
595 2165 631 2206 (l.
655 2165 676 2196 l.
701 2166 750 2205 11,
775 2166 831 2205 19)
854 2176 871 2195 e
893 2164 961 2195 Maii
985 2165 1108 2198 silentio
1130 2164 1300 2208 collegisset
1322 2165 1355 2196 in
1378 2176 1412 2196 eo
1434 2163 1571 2196 exhiberi

373 2221 547 2259 docemus,
570 2220 650 2262 quod
674 2219 766 2249 etiam
792 2218 883 2249 halet
907 2219 971 2249 cod.
995 2220 1075 2250 Leid.

420 2275 448 2316 ³)
495 2273 639 2314 Casaub.,
673 2283 738 2316 pag.
765 2274 828 2310 723
853 2272 980 2315 Koenig.
1017 2284 1083 2316 pag.
1117 2274 1182 2312 273
1206 2273 1319 2304 Passov.
1343 2272 1377 2304 in
1400 2284 1499 2314 vers„
1534 2273 1571 2306 ef.

375 2341 442 2373 pag.
466 2331 551 2369 289,
576 2340 643 2372 sq.;
668 2331 702 2359 Gr.
730 2330 762 2359 E.
786 2326 936 2359 weberus
960 2340 1025 2372 pag.
1051 2330 1128 2367 2003
1152 2330 1253 2360 Herm.
1277 2328 1300 2360 l.
1324 2327 1346 2360 l.
1371 2329 1417 2368 11,
1441 2330 1494 2360 19.
1518 2328 1573 2360 Cff.

377 2384 479 2415 Heinr.
504 2395 572 2426 pag.
597 2386 655 2424 92,
679 2395 742 2427 sq.;
766 2381 851 2414 Iahn.
876 2394 942 2426 pag.
968 2386 1028 2423 96,
1052 2395 1094 2427 sq.
1119 2389 1151 2414 et
1174 2382 1275 2415 Teuff.
1303 2395 1368 2426 pag.
1393 2385 1467 2414 103.

422 2436 450 2479 ⁴)
496 2437 635 2475 Farnab.,
658 2437 767 2477 Bond.,
792 2439 923 2477 Passov.‚
947 2438 1069 2477 Heinr.,
1094 2437 1180 2468 Iahn.
1205 2443 1236 2468 et
1248 2436 1472 2480 quodammodo
1484 2436 1574 2469 Teuf-

374 2492 446 2532 fel.,
471 2491 526 2536 qni
549 2496 653 2522 tamen
677 2502 736 2522 non
761 2497 798 2522 ut
820 2491 932 2535 reliqui
955 2492 1047 2524 modo
1070 2492 1294 2534 interpretatur
1306 2492 1373 2522 iam
1384 2502 1472 2523 nunc
1486 2516 1496 2533 ,
1519 2491 1570 2524 sed

374 2547 559 2589 derepente.
