1857 3113
824 276 846 316 9

237 384 453 438 phthongus
471 383 689 436 requiritur.
722 381 934 421 Alliteratio
954 393 1039 420 raro
1058 381 1235 429 admissa,
1252 380 1430 434 frequens

240 461 387 498 omissio
414 459 562 497 litterae
590 472 611 496 s
639 458 678 496 in
695 456 909 510 compositis
925 464 1010 510 post
1028 458 1344 510 praepositionem
1363 469 1427 493 ex.

238 534 325 573 Uno
354 535 393 572 in
420 533 504 571 loco
534 532 612 571 Sat.
644 532 699 571 VI
716 562 726 579 ,
756 539 840 585 post
857 546 1005 571 versum
1026 533 1074 570 16
1095 532 1261 570 alienum
1282 545 1430 570 versum

237 610 419 646 insertum
445 608 584 646 habet:
617 606 757 644 doctus
784 611 824 644 et
850 607 910 644 ad
934 608 1097 645 calicem
1115 607 1308 658 viqz‘lanti
1327 612 1430 643 ster-

236 687 322 719 tere
348 694 463 727 naso,
494 682 559 733 qui
586 688 641 719 est
659 681 791 719 Iuven.
823 680 956 727 Sat.1,
988 683 1038 718 57
1067 681 1116 732 1).
1168 679 1243 718 Sed
1259 681 1431 719 universe

237 755 421 807 scriptura
450 756 727 793 accuratissima
755 763 810 794 est
841 763 878 794 et
896 755 1010 792 codex
1027 756 1106 807 ipse
1124 785 1134 801 ,
1165 768 1279 807 quem
1297 755 1432 793 merito

236 829 365 880 magni
391 828 481 866 fecit
510 828 770 875 Hermannus,
799 829 1150 881 praestantissimus.
1207 829 1319 867 Haud
1348 843 1432 867 raro

237 914 325 939 cum
352 901 507 953 reliquis
525 902 675 954 optimis
692 902 884 940 codicibus
903 902 1076 940 meliores
1094 909 1222 940 tuetur
1235 902 1427 941 lectiones.

236 973 299 1013 Sic
327 989 362 1014 v.
395 989 429 1014 c.
461 974 540 1013 Sat.
572 975 604 1021 I,
635 978 685 1014 59
715 975 813 1013 solus
838 990 858 1014 e
885 976 1131 1014 Leidensibus
1158 976 1341 1028 optimam
1360 975 1429 1015 ha·

236 1049 301 1088 bet
329 1049 529 1088 lectionem
558 1052 743 1096 imitari,
774 1058 817 1088 ut
846 1050 1056 1088 verosimile
1087 1051 1132 1088 sit
1166 1064 1210 1088 eo
1239 1051 1314 1087 iam
1342 1050 1427 1090 Nic.

236 1124 433 1162 Heinsium
452 1124 487 1176 2)
520 1138 630 1162 usum
659 1139 749 1163 esse.
784 1125 837 1163 Ut
856 1138 943 1163 vero
971 1125 1106 1162 melius
1132 1125 1179 1162 de
1208 1126 1287 1162 eius
1309 1125 1430 1176 pretio

235 1199 449 1244 iudicetur,
491 1198 594 1236 haud
637 1199 771 1237 inutile
816 1198 906 1237 duxi
947 1212 1075 1236 omnes
1096 1228 1107 1245 ‚
1150 1211 1199 1235 ne
1239 1197 1432 1235 levissimis

236 1272 389 1324 quidem
417 1273 603 1325 excepti-s,
633 1273 800 1312 indicare
828 1274 1034 1327 scripturae
1061 1271 1315 1310 aberrationes
1346 1272 1431 1323 qui-

235 1336 306 1374 bus
338 1350 359 1373 a
396 1336 519 1374 Iahnii
548 1338 764 1375 recensione
783 1367 793 1383 ,
833 1351 925 1375 cum
955 1351 1031 1389 qua
1059 1337 1162 1374 hunc
1200 1343 1238 1373 et
1267 1336 1431 1386 reliquos

234 1410 381 1451 codices
411 1411 584 1458 contuli,
615 1411 776 1451 differat.
837 1411 964 1461 Quum
994 1418 1121 1449 autem
1149 1409 1429 1447 Hermanniana

233 1484 346 1523 huius
375 1486 514 1524 codicis
558 1487 709 1524 collatio
737 1500 814 1524 non
843 1500 972 1524 omnes
1001 1486 1080 1523 eius
1109 1485 1282 1522 exhibeat
1310 1485 1429 1522 varias

234 1559 439 1606 lectiones,
479 1572 603 1611 neque
633 1567 778 1598 constet
807 1559 853 1598 ad
881 1573 995 1612 quam
1025 1559 1229 1597 editionem
1258 1573 1340 1597 eam
1369 1559 1428 1598 in—

223 1633 398 1674 sstituerit
426 1633 461 1683 3)
476 1662 486 1678 ,
516 1647 586 1671 nec
614 1633 734 1672 ubivis
754 1635 932 1672 immunis
955 1635 1001 1672 sit
1020 1634 1209 1671 erroribus
1228 1634 1285 1684 4),
1306 1647 1429 1671 meam

221 1707 447 1761 „pleniorem
465 1715 517 1755 et,
538 1716 581 1746 ut
599 1722 721 1761 spero,
742 1708 1018 1762 diligentiorem
1038 1708 1293 1756 collationem,
1316 1722 1430 1761 quam

234 1793 321 1820 cum
350 1781 631 1823 Hermanniana
660 1797 786 1823 rursus
815 1784 974 1831 contuli,
994 1797 1071 1822 non
1089 1791 1182 1836 puto
1205 1796 1428 1836 supervaca-

233 1869 345 1894 neam
373 1856 468 1894 fore.

287 1928 412 1968 Codex
431 1929 501 1968 Ms.
521 1929 723 1969 Vossianus
738 1930 823 1969 Lat.
848 1931 920 1982 (Ex
938 1930 1037 1970 Bibl.
1062 1929 1111 1970 V.
1136 1929 1197 1970 111.
1215 1931 1264 1970 Is.
1287 1930 1422 1970 vossii.

278 2058 305 2098 ¹)
350 2055 391 2087 Cf.
416 2058 518 2087 Herm.
542 2058 637 2087 Lectt.
660 2057 753 2087 Perss.
776 2058 844 2098 ΙΙΙ,
867 2060 920 2088 31.

276 2112 305 2151 ²)
351 2112 379 2141 Is
401 2111 483 2142 enim
506 2121 522 2142 e
545 2110 608 2142 cod.
640 2111 848 2143 vetustissimo
877 2110 956 2142 Leid.
979 2110 1095 2143 duobus
1118 2112 1152 2143 in
1175 2109 1249 2143 locis
1279 2110 1358 2143 hanc
1385 2111 1428 2143 le-

231 2166 365 2198 ctionem
387 2166 496 2198 citavit
517 2166 551 2197 in
574 2165 669 2197 Advv.
693 2168 721 2206 Ι,
745 2169 787 2206 3,
811 2169 870 2206 28,
894 2177 939 2209 sq.
961 2171 992 2196 et
1015 2166 1048 2196 in
1072 2166 1160 2209 epist.
1184 2166 1222 2197 ad
1245 2169 1371 2206 Graev.‚
1394 2167 1428 2197 in

231 2219 309 2264 Syll.
333 2221 428 2264 Epist.
452 2223 556 2252 Burm.
579 2221 613 2252 Τ.
638 2222 702 2262 IV,
725 2232 771 2264 ep.
795 2222 879 2261 357,
902 2231 969 2263 pag.
994 2222 1069 2252 432.
1095 2219 1137 2251 Cf.
1162 2220 1248 2252 Iahn.
1261 2221 1295 2252 in
1315 2222 1428 2252 Annot.

232 2276 306 2306 crit.
329 2276 367 2305 ad
390 2276 412 2305 1.
436 2277 512 2306 Pers.
537 2276 560 2305 l.

277 2330 305 2370 ³)
351 2327 392 2359 Cf.
416 2329 511 2359 etiam
541 2328 626 2359 Iahn.
661 2329 695 2360 in
717 2331 800 2360 Cens.
824 2331 927 2361 Herm.
951 2331 1046 2360 Lectt.
1081 2330 1173 2360 Perss.
1197 2328 1230 2360 in
1254 2328 1384 2360 Zeitsch.
1407 2327 1427 2359 f.

231 2383 260 2416 d.
284 2382 446 2415 Alterthw.
471 2385 577 2423 1844,
600 2394 668 2427 pag.
694 2386 790 2416 1106.

277 2439 306 2480 ⁴)
352 2438 401 2469 Sic
434 2437 467 2468 in
498 2437 571 2468 locis
601 2437 656 2469 ubi
690 2438 752 2481 ipse
781 2437 890 2470 codicis
925 2438 1006 2470 Leid.
1041 2438 1187 2470 lectiones
1217 2445 1319 2482 aperte
1353 2440 1428 2470 citat

232 2492 297 2524 eius
318 2491 439 2524 collatio
461 2491 567 2525 differt
588 2504 606 2525 a
627 2498 730 2526 nostra
751 2493 786 2526 iu
808 2495 870 2527 Sat.
894 2496 951 2536 111,
977 2496 1029 2527 19.
1055 2496 1106 2528 89.
1131 2496 1213 2534 108;
1237 2495 1274 2535 V,
1298 2495 1349 2525 11.
1372 2494 1426 2525 58.

232 2548 284 2579 52.
309 2548 384 2579 121.
408 2550 492 2588 1633
515 2550 574 2588 VI,
598 2548 650 2580 3⁷7.
