1857 3113
915 270 963 306 78

335 370 454 424 glossa
485 381 615 411 natum
646 387 723 412 esse
751 375 933 427 putantiS‚
965 376 1043 428 ipse
1066 389 1107 414 ex
1139 377 1359 416 scholiastae
1390 378 1531 418 verbis?

337 462 362 484 >›
378 457 442 486 aut
468 450 700 500 protendunt
729 452 907 503 linguam
937 459 1121 504 quantum
1141 453 1243 489 canis
1263 453 1383 505 Apula
1411 454 1533 492 multa

332 523 419 561 siti''
451 525 600 563 efficere
629 526 711 564 vult
740 526 852 564 huius
881 527 1011 565 scholii
1052 534 1243 565 auctorem
1271 541 1346 566 non
1377 533 1532 565 tantum

331 598 395 636 sed
425 604 566 638 tantae
595 601 752 653 legisse3
799 602 900 654 quod
946 616 1021 640 non
1051 601 1233 639 maiorem
1262 601 1341 639 veri
1369 601 1531 655 speciem

330 673 446 712 habet
481 675 527 724 1).
600 674 675 712 Sed
721 675 960 712 Hermannus
998 676 1076 727 ipse
1116 675 1274 712 subinde
1304 676 1414 713 nimis
1442 676 1530 714 sub-

332 748 405 786 tilis
434 756 489 787 est
517 750 556 787 in
597 748 763 787 eruenda
805 749 967 801 genuina
1005 750 1120 787 Persii
1159 750 1321 788 lectione
1351 764 1394 788 ex
1422 750 1530 789 scho-

330 821 461 860 liastae
490 823 611 861 verbis
631 854 641 870 ‚
678 832 715 862 et
744 825 853 861 nimis
897 824 1016 861 facilis
1046 825 1083 861 in
1114 824 1335 862 auctoritate
1378 825 1421 862 iis
1462 826 1528 862 tri-

330 895 481 935 buenda
511 898 577 949 2);
625 899 844 950 ceteroquin
879 899 927 936 de
969 906 1096 936 nostro
1126 899 1210 937 loco
1244 901 1397 938 omnino
1436 914 1527 939 con-

328 971 418 1008 ferri
446 981 612 1010 meretur
644 975 693 1025 3).
754 973 827 1012 Sed
856 974 965 1011 redeo
995 974 1040 1011 ad
1079 973 1298 1013 scholiastae
1328 976 1440 1013 verba
1482 976 1528 1014 de

327 1044 432 1083 Iano.
487 1046 556 1084 Ille
585 1055 741 1100 propter
769 1048 806 1085 id
837 1048 976 1101 ipsum,
1014 1048 1114 1100 quod
1143 1048 1286 1087 bifrons
1316 1057 1352 1088 et
1382 1050 1527 1103 sapiens

326 1127 395 1164 est,
426 1121 531 1157 nulla
550 1123 724 1159 cautione
754 1130 852 1173 eget,
884 1122 945 1159 sed
980 1136 1049 1173 per
1077 1136 1114 1159 se
1145 1123 1271 1159 omnia
1302 1123 1400 1160 videt
1427 1136 1526 1173 quae

324 1202 408 1246 post
437 1202 585 1248 tergum
615 1196 814 1245 accidant3
849 1204 991 1235 ceteros
1019 1210 1105 1234 vero
1137 1210 1290 1243 omnes,
1321 1197 1391 1234 nisi
1420 1196 1525 1235 stulti

324 1277 362 1307 et
377 1270 501 1307 stolidi
520 1272 655 1308 merito
676 1271 805 1309 audire
826 1272 957 1331 velint,
976 1272 1190 1308 cautionem
1213 1270 1391 1308 adhibere
1411 1284 1522 1323 opor-

324 1351 391 1382 tet.
424 1344 598 1397 Denique
627 1347 730 1397 quod
760 1360 803 1384 ex
834 1346 976 1384 lIauth.
1011 1347 1108 1383 coni.
1144 1353 1229 1398 post
1259 1353 1334 1383 tam
1365 1346 1522 1398 longum

324 1419 527 1458 verborum
548 1420 791 1459 intervallum
813 1421 967 1458 demum
986 1420 1187 1458 adderetur
1215 1421 1404 1459 vocativus
1427 1435 1522 1459 cau-

324 1500 390 1541 te,
434 1496 548 1546 idque
586 1504 670 1548 post
713 1496 1021 1534 enunciationem
1057 1496 1189 1533 tertiae
1230 1510 1436 1548 personae,
1483 1496 1520 1533 id

323 1569 431 1607 valde
461 1570 631 1608 offendit.

376 1644 442 1681 67.
503 1642 597 1682 Save
625 1658 724 1697 opus
753 1646 797 1681 in
824 1657 976 1690 mores,
1007 1647 1050 1681 z'n
1079 1641 1236 1691 luxum,
1267 1647 1310 1682 in
1329 1644 1518 1697 prandia

320 1719 473 1771 regum]
521 1720 591 1757 Pro
620 1728 811 1771 postremo
841 1723 883 1757 z‘n
919 1721 1159 1759 Heinrichius
1189 1719 1224 1770 4)
1259 1719 1517 1771 recipiendum

319 1793 424 1830 duxit
453 1798 517 1838 et,
548 1793 652 1844 quod
680 1794 874 1846 pauciores
903 1801 1050 1832 tantum
1078 1793 1262 1847 praebent
1291 1793 1434 1830 codices
1463 1793 1513 1842 5).

364 1958 389 1999 ¹)
438 1961 482 1990 Ex
505 1958 681 1990 scholiastae
704 1958 803 1990 verbis
826 1959 927 2002 potius
949 1965 1048 1990 ortam
1076 1959 1205 1990 dixerim
1236 1957 1408 1989 Heinrichii
1445 1969 1514 1989 con-

318 2014 490 2053 iecturam,
514 2025 608 2056 quain
632 2014 867 2045 memoravimus
890 2025 956 2057 pag.
984 2016 1044 2053 76,
1067 2019 1139 2044 nota
1165 2020 1191 2046 1.

363 2069 390 2108 ²)
438 2066 480 2098 Cf.
505 2070 633 2098 Duentz.
657 2068 690 2098 in
714 2067 804 2111 praef.
830 2080 895 2111 pag.
921 2071 959 2108 33
983 2067 1080 2099 Teuff.
1105 2068 1138 2098 in
1162 2067 1299 2099 Animm.
1323 2079 1390 2111 pag.
1405 2070 1467 2099 105
1483 2073 1514 2099 et

315 2122 406 2154 Prell.
431 2124 463 2154 in
488 2134 565 2154 cens.
590 2123 610 2153 l.
636 2135 663 2166 p.
693 2126 794 2162 1141,
819 2134 862 2167 sq.

359 2180 386 2219 ⁸)
432 2180 470 2209 ln
493 2179 573 2222 Disp.
598 2181 649 2218 ΙΙ,
674 2180 815 2210 15-17.

360 2234 389 2274 ⁴)
432 2234 463 2263 P.
488 2235 539 2265 92.

360 2288 388 2328 ⁵)
434 2284 555 2318 Praeter
577 2297 624 2317 eos
647 2297 663 2317 e
685 2286 797 2329 quibus
816 2285 901 2316 Iahn.
914 2286 993 2316 hanc
1015 2285 1178 2316 lectionem
1196 2284 1296 2324 affert⁷
1318 2295 1385 2315 eam
1397 2283 1511 2315 habent
1547 2313 1555 2319 ,

313 2342 418 2374 Heinr.
442 2344 528 2374 Trev.
554 2346 573 2373 3
597 2348 627 2373 et
650 2354 685 2373 cx
709 2342 832 2384 optimis
855 2343 957 2372 Herm.
982 2340 1063 2371 Leid.
1087 2346 1118 2371 et
1142 2339 1240 2371 Guelf.
1265 2343 1302 2380 A,
1324 2340 1356 2371 in
1380 2351 1440 2383 quo
1462 2351 1509 2371 co-

312 2396 378 2428 dice
401 2396 568 2428 secundum
591 2396 677 2428 lahn.
703 2398 759 2437 (W
781 2398 828 2437 2.)
866 2398 900 2426 in
931 2396 1100 2427 invenitur.
1135 2395 1255 2426 Nititur
1290 2406 1377 2438 porro
1407 2399 1509 2425 nostro

312 2453 393 2485 Voss.
420 2455 446 2483 1.
470 2458 502 2484 ct
523 2452 691 2484 secundum
714 2454 826 2485 Passov.
851 2452 933 2496 (pag.
958 2454 1021 2484 285
1036 2476 1046 2493 ,
1077 2453 1135 2496 sq.)
1166 2450 1249 2483 codd.
1273 2451 1400 2482 monaco.
1425 2450 1444 2479 2
1478 2454 1509 2481 et

313 2511 352 2547 3,
376 2519 474 2551 quum
497 2514 604 2539 contra
626 2508 706 2549 apud
730 2507 814 2538 lahn.
839 2519 874 2538 ex
897 2507 980 2538 codd.
1004 2509 1126 2546 Mona,
1154 2506 1208 2549 qui
1232 2516 1303 2535 cum
1325 2504 1508 2536 Passovianis

310 2562 520 2603 conveniunt,
543 2565 563 2594 5
588 2567 619 2593 et
643 2564 663 2594 6
687 2563 776 2604 (Pass.
802 2564 821 2593 3
845 2567 876 2592 et
902 2564 943 2603 1.)
967 2568 1001 2592 et
1021 2559 1175 2593 exhibent.
1225 2558 1270 2589 Et
1292 2557 1388 2591 etiam
1418 2557 1505 2591 dede-
