1857 3113
891 267 937 303 53

322 376 433 431 tiquis
460 388 624 431 paganos
653 373 822 413 absolute
851 374 969 413 dictos
998 387 1075 413 esse
1094 374 1265 414 homines
1294 374 1506 412 communi-

318 453 389 490 bus
416 458 564 489 utentes
591 449 700 486 sacris
718 477 728 494 ‚
763 462 840 486 non
868 449 992 487 credo.
1053 449 1186 500 Neque
1215 462 1302 501 ergo
1332 451 1507 500 semipa-

316 528 450 579 ganus
490 523 698 575 significare
735 530 883 575 potest,
928 524 993 575 qui
1032 538 1069 563 se
1103 524 1145 562 iis
1186 524 1252 575 qui
1294 522 1507 560 communi-

321 599 391 636 bus
418 598 476 635 his
504 597 615 635 sacris
654 606 810 637 utantur
837 612 911 637 non
940 605 1062 637 toturn
1092 597 1327 636 adnunerare
1367 594 1504 633 audet:

320 671 423 724 quod
441 703 451 719 ‚
495 672 525 710 si
566 671 657 723 quid
697 672 802 712 video
823 703 833 719 ,
881 672 1034 711 Iahnius
1079 672 1198 710 voluit
1243 672 1291 723 1).
1365 670 1508 708 Verum

321 748 422 785 enim
451 760 538 785 vero
566 746 713 784 Persius
741 760 818 785 non
852 749 1154 800 semzpaganum
1184 760 1221 783 se
1248 745 1338 782 dicit
1367 744 1510 782 ratione

318 821 446 859 habita
464 827 664 871 poetarum
682 821 857 868 aliorum,
878 822 944 873 qui
972 829 1015 859 ut
1042 821 1180 874 pagani
1208 820 1424 858 communia
1442 818 1509 857 ha-

320 894 435 933 beant
462 906 579 940 sacra,
610 906 773 945 quorum
800 896 880 947 ipse
907 909 983 933 non
1009 895 1124 948 plane
1150 894 1336 947 particeps
1356 893 1424 938 sit,
1448 892 1512 929 sed

321 982 358 1007 se
386 969 509 1021 ipsum
538 975 645 1006 vocat
671 968 954 1020 quodammodo
972 983 1199 1022 paqanum,
1230 969 1255 1006 i.
1282 981 1315 1005 e.
1350 967 1428 1005 fere
1447 980 1511 1004 ru-

323 1043 457 1080 sticum
487 1049 525 1080 et
551 1040 795 1079 inurbanum.
853 1041 957 1080 Haec
984 1041 1158 1080 vocabuli
1176 1056 1372 1096 paganus
1391 1042 1510 1079 inter-

322 1116 484 1169 pretatio
512 1116 552 1153 h.
585 1116 612 1153 l.
648 1115 743 1153 mihi
783 1116 948 1154 tenenda
993 1117 1167 1163 videtur,
1211 1130 1329 1168 quum
1376 1115 1513 1154 deinde

323 1188 423 1241 apud
450 1190 645 1241 scriptores
674 1189 798 1226 Persio
828 1202 1020 1241 suppares,
1052 1189 1286 1235 Iuvenalem,
1318 1190 1512 1235 Tacitum,

322 1262 488 1301 Plinium
518 1262 710 1320 Iuniorem
729 1292 739 1309 ‚
785 1261 1009 1302 Suetonium
1038 1271 1076 1302 et
1102 1271 1229 1317 postea
1276 1264 1376 1317 apud
1417 1263 1515 1302 Ictos

324 1345 527 1389 usurpetur
553 1336 612 1374 -de
652 1338 694 1374 iis
735 1338 801 1388 qui
835 1337 1020 1375 militibus
1048 1351 1124 1375 non
1156 1338 1333 1391 adscripti
1362 1346 1512 1383 essent3

323 1409 371 1448 de
406 1423 482 1461 qua
521 1410 631 1448 huius
672 1411 845 1449 vocabuli
889 1411 1160 1463 significatione
1204 1411 1251 1449 cf.
1294 1410 1424 1449 Heinr.
1468 1410 1514 1448 ad

323 1484 455 1522 Iuven’.
497 1483 574 1522 Sat.
607 1484 723 1531 XVI,
755 1488 818 1524 33.
879 1486 1066 1524 Ritterum
1099 1486 1133 1535 2)
1164 1486 1263 1523 inter
1291 1493 1512 1537 argumenta

324 1571 343 1595 e
367 1557 505 1609 quibus
533 1559 681 1597 efficere
709 1566 867 1597 conatur
890 1560 1058 1599 Persium
1088 1573 1163 1598 non
1192 1560 1350 1605 Romae,
1382 1558 1445 1596 sed
1475 1559 1514 1596 in

324 1630 486 1682 quodam
517 1632 688 1670 Etruriae
717 1633 857 1685 oppido
890 1637 1018 1673 satiras
1047 1649 1130 1672 suas
1166 1634 1371 1686 scripsisse,
1402 1633 1515 1670 etiam

325 1704 428 1744 hunc
456 1704 583 1746 locum
613 1707 825 1747 adhibuisse
855 1709 969 1749 verbo
997 1709 1183 1750 monuisse
1213 1708 1299 1747 satis
1328 1707 1386 1757 sit..

737 1855 788 1893 In
832 1855 1028 1894 Satiram
1059 1857 1088 1893 Ι.

379 2000 402 2035 2
433 2006 470 2036 et
503 2000 539 2038 3.
603 1998 702 2051 Quis
719 2022 772 2029 —-
797 2001 938 2054 quare]
972 2001 1200 2055 Interpretes
1228 2000 1292 2038 alii
1319 2000 1426 2038 aliter
1453 1999 1519 2038 hos

325 2164 369 2196 lia
390 2165 506 2197 diversa
526 2164 616 2197 fuisse
638 2168 880 2199 aMontanorum
901 2166 1006 2206 feriis3
1029 2172 1061 2198 et
1082 2178 1160 2210 quac
1183 2167 1220 2198 de
1242 2178 1276 2198 eo
1300 2166 1363 2199 loco
1385 2165 1520 2209 disputa-

325 2225 401 2251 runt
413 2222 561 2253 Gesnerus
579 2227 610 2253 et
629 2221 763 2254 Wolfius
785 2221 822 2253 ad
836 2221 858 2253 1.
875 2233 917 2253 m.
939 2221 961 2252 l.
984 2232 1019 2252 ex
1040 2222 1124 2253 Orat.
1149 2234 1177 2264 p.
1202 2223 1311 2260 Dom.;
1334 2221 1394 2253 alia
1416 2226 1520 2252 contra

325 2273 495 2306 docuerunt
517 2275 685 2308 Markland.
708 2276 746 2308 ad
767 2277 864 2309 istum
893 2275 996 2308 locum
1019 2280 1050 2306 et
1070 2277 1141 2306 Ern.
1167 2276 1200 2306 in
1223 2275 1261 2307 cl.
1286 2276 1343 2306 Cic.
1370 2287 1396 2305 v.
1416 2286 1519 2317 paga-

325 2338 398 2359 nus.

372 2382 382 2401 ¹
443 2384 481 2414 Pa
504 2407 510 2413 .
536 2383 577 2414 '76
658 2407 665 2413 .

373 2384 402 2479 Ξ))
446 2393 674 2470 ΙηθΒίεεείῒῗἫ.
697 2449 764 2482 pag.
777 2441 836 2479 50,
860 2450 903 2484 sq.
927 2438 1038 2470 Exhoc
1048 2439 1177 2484 aliisque
1189 2441 1521 2485 argumentis‚quibus

327 2490 501 2533 opinionem
524 2504 610 2525 suam
633 2493 758 2537 probare
780 2493 883 2525 studet
902 2494 1063 2535 Ritterus,
1087 2494 1167 2526 nihil
1189 2497 1327 2529 concludi
1350 2507 1449 2540 posse,
1475 2506 1520 2526 re-

328 2549 376 2580 cte
397 2545 613 2580 animadvertit
636 2548 720 2582 Ialm.
745 2549 778 2580 in
800 2549 935 2594 Prolegg.
959 2560 1026 2593 pag.
1050 2552 1075 2581 V
1089 2575 1098 2590 ‚
1122 2550 1154 2581 in
1178 2557 1257 2582 nota.
