1857 3113
924 312 947 349 8

333 424 371 454 et
401 430 421 453 a
460 423 568 468 parte
605 418 796 470 superiore
837 417 1024 471 adscripta
1065 418 1182 457 habet
1223 418 1335 458 verba
1364 422 1536 472 persius

320 491 486 543 flaccus
502 521 512 538 ,
545 491 591 529 ab
620 492 796 530 inferiore
824 491 1022 532 Probatio
1040 506 1175 548 penne
1199 501 1237 533 et
1254 493 1448 532 Probatz'o
1466 506 1533 531 en-

335 568 492 611 musta&
537 567 683 619 pagina¹
710 581 816 605 versa
848 567 965 607 habet
1004 567 1146 608 Vitam.
1205 568 1326 621 Ipsius
1360 568 1536 620 deinceps

334 638 453 677 Persii
496 640 609 678 verba
651 641 886 693 singularum
930 642 1155 694 paginarum
1197 643 1348 681 tertiam
1389 648 1537 680 tantum

276 753 278 755 ,
334 720 485 765 partem
518 713 828 766 complectuntur
856 728 959 752 oram
988 716 1206 754 interiorem
1234 729 1360 754 versus
1383 729 1392 761 ;
1443 714 1535 752 duas

341 788 533 840 relinquas
576 789 861 827 commentum.
920 788 1055 842 Neque
1095 797 1308 829 memoratu
1338 788 1537 840 indignum

338 869 393 899 est
424 862 462 899 id
492 863 675 914 scriptum
704 877 781 901 esse
809 872 897 902 ante
927 878 1040 916 quam
1068 865 1169 916 ipsae
1202 865 1336 901 satirae
1369 870 1538 900 exaratae

339 944 449 982 sunt,
481 937 584 988 quod
614 937 702 975 inde
732 945 903 990 apparet,
935 939 1024 990 quia
1053 939 1092 975 in
1121 937 1245 983 initio,
1276 937 1342 974 ubi
1367 937 1478 989 plura
1499 942 1537 974 et

335 1010 504 1062 longiora
543 1018 632 1048 sunt
660 1010 820 1056 scholia,
850 1012 965 1063 pauci
1005 1018 1155 1048 tantum
1183 1011 1381 1047 satirarum
1410 1022 1537 1047 versus

335 1084 490 1136 singulis
517 1084 665 1137 paginis
695 1085 959 1130 continentur,
989 1084 1041 1122 ita
1069 1091 1113 1123 ut
1140 1098 1239 1122 unus
1267 1096 1394 1122 versus
1420 1082 1538 1122 Persii

339 1165 414 1196 tres
443 1171 554 1210 saepe
582 1158 741 1211 impleat
768 1159 887 1197 lineas
916 1166 954 1197 et
977 1159 1132 1197 inferior
1146 1159 1320 1197 laterculi
1338 1173 1424 1212 pars
1441 1172 1536 1196 non-

334 1246 534 1285 nunquam
562 1232 648 1270 alba
676 1232 807 1270 relicta
827 1233 888 1278 sit;
922 1232 1060 1271 deinde
1074 1246 1163 1271 vero
1177 1263 1187 1280 ‚
1207 1233 1275 1271 ubi
1293 1233 1434 1271 scholia
1450 1241 1537 1272 sunt

338 1308 605 1352 contractiora,
624 1314 821 1345 contextus
835 1307 958 1345 multo
974 1308 1136 1359 pressior
1163 1308 1322 1359 scriptus
1340 1315 1408 1345 est.
1451 1305 1538 1344 Sin-

338 1381 450 1435 gulae
478 1380 740 1434 inscriptiones
767 1388 983 1433 argentatae
1013 1388 1126 1428 sunt3
1158 1381 1210 1418 sic
1237 1380 1351 1419 etiam
1377 1379 1538 1418 initiales

336 1456 571 1508 singulorum
588 1469 785 1500 versuum,
806 1455 870 1493 sed
887 1455 959 1493 hae
988 1455 1203 1494 alternatim
1231 1463 1393 1493 tantum.
1451 1455 1537 1492 Post

334 1530 463 1569 Vitam
483 1531 623 1583 legitur
647 1529 806 1583 Incipit
823 1530 1058 1576 adnotatio,
1079 1537 1116 1568 et
1135 1530 1174 1568 in
1191 1530 1267 1568 fine
1284 1529 1531 1568 scholiorum:

337 1602 608 1642 Commentum
642 1603 815 1642 Cornuti
842 1606 886 1641 in
914 1603 1063 1642 Pe'rsz'o
1090 1606 1263 1642 satirico
1290 1617 1398 1641 more
1414 1617 1534 1656 expo-

333 1680 414 1716 sito
442 1679 637 1731 explicat.
698 1678 797 1716 Tum
829 1707 922 1717 ......
928 1682 997 1715 tur
1025 1680 1191 1732 sapiens
1217 1682 1404 1715 cernetur
1409 1678 1531 1728 fove3

332 1761 370 1792 et
399 1752 526 1791 denuo
554 1752 758 1805 Explicat
792 1750 1058 1790 Commentum
1095 1749 1278 1789 Cornuti.
1336 1751 1536 1788 Manifesto

335 1841 460 1866 errore
500 1826 676 1874 librarius
715 1834 799 1880 post
835 1827 1015 1864 ultimum
1054 1825 1212 1864 verbum
1241 1825 1385 1864 Satirae
1413 1833 1535 1864 sextae

335 1900 533 1954 adscripsit
550 1899 744 1954 Explicit
760 1914 903 1938 versus
931 1900 981 1937 de
1008 1898 1236 1937 Philomela
1256 1929 1266 1946 ,
1298 1913 1394 1951 quae
1421 1898 1535 1937 verba

337 1976 484 2013 nullam
513 1975 586 2014 hoc
609 1976 693 2013 loco
713 1976 1003 2028 explicationem
1023 1975 1244 2013 admittunt.
1278 1974 1389 2025 Quod
1409 1982 1536 2013 autem

337 2050 384 2088 ad
403 2050 523 2102 ipsam
553 2049 744 2086 scribendi
772 2049 956 2086 rationem
986 2050 1121 2086 attinet
1150 2062 1265 2099 quam
1294 2049 1468 2086 librarius
1495 2049 1534 2086 in

330 2123 450 2162 Persii
480 2122 602 2159 verbis
632 2130 781 2161 secutus
810 2130 865 2160 est
885 2153 896 2169 ‚
927 2130 984 2160 est
1012 2137 1055 2161 ea
1083 2123 1161 2160 fere
1180 2137 1326 2174 semper
1344 2130 1533 2161 constans.

331 2196 464 2235 Ubivis
494 2196 533 2234 in
551 2196 913 2250 interrogationibus
931 2198 1081 2250 signum
1100 2196 1356 2249 interrogandi
1368 2197 1534 2249 positum

330 2278 400 2309 est.
462 2269 586 2323 Supra
602 2273 815 2310 vocativum
844 2273 973 2310 littera
1003 2286 1024 2308 ο
1052 2285 1135 2309 raro
1156 2272 1292 2308 omissa
1320 2279 1375 2308 est
1391 2299 1402 2316 ‚
1432 2271 1535 2322 quod

328 2345 444 2384 etiam
472 2346 512 2384 in
540 2345 696 2399 reliquis
726 2346 919 2385 codicibus
938 2344 1146 2383 observavi.
1195 2344 1413 2398 Scripturae
1428 2357 1534 2382 com-

325 2418 465 2472 pendia
492 2432 640 2472 pauca:
676 2421 728 2458 sic
756 2420 877 2458 tribus
904 2428 1053 2459 tantum
1083 2420 1123 2457 in
1151 2419 1244 2458 locis
1272 2421 1343 2457 hoc
1371 2427 1409 2457 et
1438 2421 1535 2457 haec

323 2508 395 2548 per
424 2494 635 2547 simplicem
664 2495 691 2532 Ιι
719 2508 804 2533 cum
827 2495 919 2548 siglo
943 2503 1113 2534 exaratae
1132 2503 1233 2534 sunt.
1278 2494 1438 2549 Semper
1455 2494 1534 2533 fere

320 2583 371 2608 ae
400 2570 614 2623 scriptum,
662 2569 720 2609 vel
764 2583 784 2607 e
812 2583 899 2608 cum
943 2571 1047 2622 siguo
1083 2570 1323 2623 subscripto,
1368 2570 1435 2608 ubi
1476 2569 1533 2608 di-
