1857 3113
939 258 986 294 74

362 362 553 416 Quicquid
572 370 700 401 autem
730 371 784 402 est
814 371 939 402 nostro
966 362 1234 401 loco-mobilis
1264 360 1385 401 multo
1406 375 1554 402 accom-

361 439 547 476 modatius
575 446 630 476 est
658 452 773 489 quam
802 439 961 477 nobilis.
1020 438 1179 476 Nobilis
1198 439 1298 476 enim
1317 451 1450 490 parum
1471 445 1556 490 apte

361 512 499 551 dicitur
527 514 565 551 in
595 526 635 551 re
665 513 794 551 viliore
823 521 860 552 et
889 513 1048 560 leviore,
1083 521 1123 551 ut
1154 513 1201 551 de
1229 514 1396 552 motione
1424 527 1557 551 manus

358 600 458 638 quae
489 587 618 633 facile,
650 595 691 625 ut
719 589 797 639 ipse
831 589 1103 640 interpretatur
1130 587 1355 625 Hauthalius
1387 587 1441 637 1),
1473 587 1558 624 imi-

360 668 463 698 tatur
490 661 583 698 asini
609 674 729 699 aures,
789 661 873 699 Non
903 676 1001 714 nego
1031 661 1185 713 quidem
1214 661 1360 698 nobilis
1379 673 1557 698 nonnun-

360 748 476 786 quam
518 734 594 772 dici
623 735 661 772 in
691 734 829 773 malam
870 744 1017 788 partem
1048 736 1083 786 2)
1107 765 1118 782 ,
1165 735 1229 773 sed
1265 735 1324 773 vel
1354 735 1404 772 sic
1432 741 1558 773 tamen

361 821 509 859 semper
536 809 656 845 famae
676 808 842 859 aliquam
862 809 1121 847 celebritatem
1143 809 1329 860 significat
1343 824 1456 860 quam
1478 809 1560 860 quis

360 895 475 933 prava
495 896 534 919 re
564 890 695 919 nactus
724 883 783 920 sit.
819 883 935 920 Miror
948 884 1063 935 igitur
1076 883 1322 921 Hauthalium
1339 884 1401 921 hic
1416 885 1560 922 nobilis

362 956 666 1003 commendasse,
709 971 785 1009 quo
830 958 994 997 admittit
1024 959 1125 997 idem
1155 959 1291 997 vitium
1320 959 1424 1010 quod
1454 973 1560 997 versu

359 1038 542 1082 sequente
571 1032 609 1069 in
639 1032 805 1070 dictione
835 1038 976 1071 tantae
1005 1035 1170 1086 linguae
1209 1033 1560 1085 reprehendendum

360 1112 470 1157 putat
500 1106 551 1156 3),
585 1106 631 1143 de
659 1119 735 1157 quo
764 1121 864 1145 mox.
924 1108 1011 1145 Non
1042 1109 1143 1145 enim
1172 1115 1284 1159 poeta
1314 1107 1449 1145 Ianum
1478 1108 1561 1145 ideo

362 1180 514 1219 beatum
545 1180 659 1225 dicit,
703 1182 805 1232 quod
833 1196 910 1220 non
952 1182 1129 1220 irridetur
1157 1195 1272 1221 manu
1302 1195 1400 1233 quae
1429 1181 1561 1220 ceteris

361 1262 527 1307 praestat
569 1256 607 1291 in
650 1256 832 1292 imitando
866 1270 971 1293 aures
1003 1257 1163 1293 asininas
1186 1286 1196 1301 ,
1228 1257 1290 1293 sed
1320 1256 1422 1306 quod
1455 1255 1561 1293 nulla

363 1330 518 1367 omnino
547 1343 681 1367 manus
708 1338 791 1382 post
810 1330 888 1367 eius
908 1338 1057 1382 tergum
1076 1331 1114 1368 in
1134 1330 1359 1368 derisionem
1380 1331 1559 1368 flectitur.

364 1403 469 1452 Quod
491 1416 578 1441 vero
609 1403 655 1440 ad
685 1404 904 1442 scholiastae
921 1405 1408 1457 explicationem,sacz'lis,
1428 1405 1560 1450 docta,

362 1477 524 1521 attinet,
569 1476 598 1513 si
626 1490 668 1513 ex
699 1491 741 1514 ea
773 1478 916 1529 aliquid
947 1479 1124 1531 colligere
1153 1480 1265 1517 liceat
1287 1509 1296 1524 ‚
1327 1492 1402 1516 non
1431 1477 1563 1516 dubito

362 1553 457 1603 quin
477 1552 586 1589 facile
616 1553 776 1603 quisque
798 1554 1025 1598 consentiat,
1057 1567 1136 1591 earn
1165 1554 1290 1606 potius
1318 1554 1489 1605 vulgatae
1509 1552 1563 1589 le-

364 1628 480 1665 ctioni
512 1627 670 1667 mobilis
700 1641 815 1677 quam
844 1629 1059 1680 propositae
1088 1628 1283 1665 Hauthalii
1325 1628 1563 1665 coniecturae

366 1701 579 1754 quadrare,
623 1714 743 1752 quum
785 1701 850 1739 illa
892 1702 1027 1740 melius
1062 1716 1176 1752 quam
1206 1701 1298 1740 haec
1325 1714 1393 1754 per
1409 1700 1563 1753 facilis

367 1777 558 1816 reddatur.
600 1776 707 1825 Quod
738 1776 902 1827 denique
932 1777 980 1814 de
1009 1776 1181 1814 codicum
1201 1775 1423 1814 lectionibus
1439 1774 1561 1819 addit,

409 1944 419 1962 ¹
481 1945 513 1974 P.
538 1945 612 1974 313.

410 1946 438 2041 ²))
484 1996 526 2029 Cf.
550 1997 644 2028 etiam
667 1994 878 2027 Boetticherus
900 1996 933 2027 in
957 1997 1061 2029 Lexico
1084 1997 1223 2039 Taciteo,
1246 2008 1313 2041 pag.
1338 1998 1412 2028 320.

414 2053 442 2094 ³)
486 2054 555 2094 Pag.
581 2053 656 2090 317,
680 2063 722 2094 sq.
747 2057 777 2081 ct
800 2051 837 2081 ad
859 2063 925 2093 pag.
951 2054 1028 2091 317,
1051 2059 1123 2084 nota
1145 2054 1209 2092 ”⁸2
1234 2052 1287 2083 ubi
1311 2052 1444 2094 legitur:
1471 2052 1561 2082 »Wir

364 2112 513 2138 erwarten
522 2105 588 2136 hier
598 2105 663 2136 blos
686 2104 735 2135 die
758 2103 893 2135 cinfache
918 2105 1129 2148 Bezeiehnung
1152 2106 1203 2136 der
1227 2105 1431 2147 Hundszunge
1445 2128 1454 2144 ‚
1477 2103 1565 2134 nicht

364 2161 436 2194 aber
447 2161 495 2192 die
508 2160 744 2192 demonstrative
764 2159 885 2204 Angabe
908 2160 989 2191 eines
1002 2160 1111 2191 Grades
1133 2159 1216 2191 ihrer
1238 2162 1355 2202 Liinge,
1379 2159 1460 2190 dcnn
1471 2158 1565 2189 dieser

363 2219 481 2249 miisste
498 2216 534 2258 ja
557 2216 608 2246 ein
631 2216 771 2258 geringer
793 2216 867 2246 sein.
892 2234 935 2239 —
959 2215 1076 2246 Erhebe
1098 2215 1147 2245 ich
1172 2226 1237 2245 nun
1262 2214 1398 2245 vollends
1414 2214 1493 2245 diese
1515 2213 1564 2244 de-

362 2270 563 2302 monstrative
588 2269 652 2300 und
675 2269 878 2312 comparative
902 2268 1026 2312 Angabe
1049 2268 1099 2299 des
1119 2268 1229 2299 Grades
1241 2269 1294 2300 der
1305 2271 1405 2311 Liinge
1417 2280 1454 2299 zu
1466 2267 1565 2298 ciuem

363 2324 666 2369 Eigenschaftsworte
678 2324 731 2356 der
743 2326 847 2367 Zunge
860 2324 923 2355 und
947 2335 1016 2367 sagc
1029 2335 1036 2354 ε
1062 2336 1080 2353 »
1096 2325 1200 2364 lanus,
1213 2323 1270 2355 den
1283 2324 1376 2355 nicht
1388 2335 1423 2354 so
1432 2333 1546 2366 grosse
1555 2346 1565 2362 ,

362 2381 455 2411 m'che
478 2392 514 2411 so
537 2381 632 2424 lange
657 2381 808 2422 Zangen‚
832 2378 876 2410 als
898 2379 948 2410 die
971 2379 1108 2423 durstige
1130 2379 1291 2424 Apulische
1303 2379 1431 2410 Hiindin
1444 2377 1565 2408 heraus-

363 2434 499 2473 streckt,
521 2434 550 2465 d.
574 2434 605 2465 h.
629 2435 677 2465 die
701 2434 843 2477 liingsten
866 2434 1085 2475 verhohnen‚''
1105 2446 1137 2466 so
1160 2434 1244 2466 kann
1267 2435 1375 2465 daraus
1397 2431 1493 2463 leicht
1515 2442 1565 2474 ge·

362 2489 476 2533 folgert
498 2488 641 2528 werden,
678 2488 743 2519 dass
766 2488 821 2519 ihn
845 2488 981 2522 kleinere
1003 2489 1073 2521 oder
1096 2489 1223 2521 kiirzere
1246 2491 1373 2531 Zungen
1397 2485 1473 2518 doch
1496 2498 1562 2518 ver-

363 2544 497 2576 hiihnen.
544 2544 647 2575 Beides
671 2543 787 2574 konnte
810 2543 874 2574 und
896 2544 1001 2575 wolltc
1024 2544 1076 2574 der
1094 2542 1219 2574 Dichter
1242 2543 1329 2574 nicht
1355 2545 1475 2584 sagen.'¹
