1857 3113
870 286 915 324 11

299 393 571 438 annotationes,
603 404 696 444 quas
723 392 837 431 etiam
864 391 1019 431 Iahnius
1046 392 1154 432 affert
1180 405 1225 432 ex
1254 392 1338 432 cod.
1375 393 1489 434 Paris.

296 483 336 508 n.
369 469 487 507 8272.
547 464 609 504 Sic
637 479 790 519 quoque
818 466 865 505 ad
894 466 961 506 Sat
988 467 1007 506 I
1023 498 1035 515 ,
1066 469 1139 514 34,
1169 467 1353 520 Phyllidis
1379 467 1491 506 fabu-

297 543 333 583 la
352 574 362 590 ,
393 550 437 581 ut
463 540 501 580 in
530 540 646 580 Paris.
681 540 713 592 1)
733 570 744 588 ,
780 539 912 580 iisdem
949 540 1070 581 verbis
1103 549 1278 581 narratur
1296 573 1306 590 ,
1352 541 1491 595 quibus

296 632 317 654 a
345 616 452 654 Serv.
483 615 530 654 ad
559 616 664 668 Virg.
697 616 779 654 Ecl.
810 615 844 653 V
862 646 872 663 ‚
909 618 990 664 103
1039 629 1204 668 quocum
1239 616 1352 655 etiam
1381 616 1489 654 Voss.

295 703 334 729 n.
358 692 407 728 13
439 690 501 742 (de
529 703 605 742 quo
633 690 736 742 mox)
767 689 814 728 ad
840 690 880 729 h.
902 704 939 730 v.
969 704 1148 743 magnam
1175 698 1323 744 partem
1353 703 1490 728 conve-

296 765 369 812 nit;
401 772 668 818 praeterquam
689 764 790 817 quod
809 764 872 801 hic
889 778 959 816 pro
977 764 1270 817 Demophoonte
1285 764 1342 802 bis
1356 764 1490 802 Belle-

293 839 492 889 rofontem
519 838 649 878 habet.
680 838 739 876 Ad
768 838 929 877 eundem
958 852 1106 877 versum
1125 840 1238 877 etiam
1263 837 1304 875 hi
1330 838 1404 876 duo
1426 852 1490 876 co-

294 912 394 951 dices
427 913 530 951 idem
570 912 739 951 scholion
768 896 911 951 habent
940 913 1040 965 quod
1069 913 1171 951 dedit
1199 912 1352 950 Iahnius
1379 913 1415 963 2)
1445 926 1490 951 ex

293 987 377 1026 cod.
392 987 505 1027 Bern.
522 1001 562 1026 n.
582 989 674 1034 665,
694 995 731 1027 et
746 987 848 1040 quod
862 988 901 1025 in
918 987 1022 1027 Voss.
1044 989 1060 1026 1
1082 988 1134 1026 sic
1152 988 1334 1041 scriptum
1352 993 1485 1026 exstat:

336 1059 486 1103 Hipsipila
506 1059 569 1091 fuit
592 1072 667 1092 uxor
689 1061 783 1102 [alter
804 1063 883 1092 Voss.
906 1060 991 1091 addit
1002 1060 1163 1102 eiusdem]
1174 1060 1391 1092 bellerefontis.
1426 1061 1489 1102 Qui

337 1134 410 1156 cum
431 1124 514 1156 bello
534 1124 666 1156 thebano
688 1123 726 1155 ab
748 1123 886 1155 hostibus
918 1130 1025 1167 captus
1058 1123 1166 1156 fuisset
1197 1136 1274 1156 uxor
1296 1135 1351 1157 sua
1371 1135 1404 1156 se
1425 1129 1488 1156 tra-

1305 1175 1319 1190 Ο

336 1189 415 1220 didit
437 1200 493 1231 pro
514 1200 548 1219 eo
570 1194 602 1219 et
624 1199 677 1219 sua
698 1194 798 1219 morte
819 1188 949 1220 redemit
973 1200 1057 1220 eum.

346 1254 462 1292 Porro
496 1266 584 1292 cum
622 1253 704 1292 cod.
735 1254 850 1292 Paris.
882 1254 916 1304 3)
958 1253 1072 1292 etiam
1112 1265 1332 1292 communes
1373 1250 1491 1290 habet

294 1329 557 1367 annotationes
585 1327 651 1365 has
680 1327 727 1365 ad
756 1326 835 1367 Sat.
866 1327 949 1375 III,
981 1330 1059 1365 32:

337 1402 580 1445 [Verecundatur
620 1401 693 1445 quia
727 1406 833 1444 stupor
870 1400 962 1433 stulti
991 1406 1059 1442 est,
1088 1400 1185 1444 pudor
1219 1411 1288 1433 vero
1321 1400 1488 1444 sapientis,

336 1473 374 1499 ut
396 1467 514 1499 boetius
527 1491 537 1508 ‚
570 1466 685 1510 pudore
706 1478 746 1498 an
768 1472 910 1509 stupore,
931 1465 1058 1497 mallem
1081 1465 1221 1509 pudore]
1265 1466 1383 1509 Pingue
1406 1465 1489 1508 [ideo

335 1532 410 1564 dicit
433 1533 505 1576 quia
527 1532 679 1576 pinguedo
701 1531 814 1563 stultos
836 1536 868 1563 et
890 1530 989 1562 ebetes
1019 1529 1092 1562 facit
1113 1530 1252 1564 homines
1274 1531 1323 1563 vel
1345 1531 1394 1573 in]
1418 1531 1487 1575 pin-

334 1601 466 1639 guatum
499 1606 549 1627 cor
580 1595 695 1637 habet,
727 1595 793 1627 ideo
827 1607 890 1627 non
923 1600 1011 1627 curat
1029 1594 1129 1638 legere
1153 1594 1191 1637 Ι’).
1226 1595 1359 1638 [Pingue
1381 1594 1488 1626 neutri

336 1660 408 1703 (sic)
431 1661 549 1704 generis
577 1666 623 1692 est
652 1666 685 1693 et
717 1672 836 1705 semper
869 1660 903 1692 in
933 1660 1048 1692 idoneis
1081 1660 1242 1692 invenitur
1266 1661 1383 1703 rebus.]
1417 1660 1488 1692 Pin-

336 1736 398 1769 gue
419 1725 504 1757 enim
526 1736 578 1757 cor
610 1726 732 1759 hebetes
754 1725 828 1758 facit
850 1725 988 1757 hominae
1011 1725 1093 1768 quod
1122 1725 1285 1769 probamus
1307 1738 1342 1758 ex
1364 1737 1485 1770 onagro.

336 1793 457 1834 Onager
479 1791 564 1822 enim
584 1791 691 1823 ceteris
712 1791 898 1824 animalibus
930 1791 1076 1835 pinguius
1105 1790 1198 1823 habet
1219 1797 1251 1823 et
1274 1791 1342 1823 ideo
1363 1791 1489 1823 stultior

336 1856 497 1898 omnibus[
508 1881 518 1897 ‚
541 1857 622 1888 sicut
644 1855 749 1887 ferunt
770 1856 902 1899 phisici,
924 1855 1108 1889 animalibus
1132 1854 1188 1896 5)].

292 1922 384 1960 item
412 1921 457 1959 ad
486 1920 566 1960 Sat.
596 1920 678 1966 III,
710 1922 760 1958 48
790 1918 855 1971 6):

334 1995 455 2028 Ludum
477 2000 667 2026 tesserarum.
700 1993 783 2038 apud
812 1999 925 2026 veteres
951 1992 1067 2026 lusores
1087 2004 1106 2026 a
1129 2004 1258 2026 numero
1287 1991 1484 2026 vocabantur.

337 2124 366 2166 ¹)
410 2121 452 2154 Cf.
476 2121 563 2154 Iahn.
587 2133 654 2166 pag.
678 2123 764 2163 256,
786 2132 818 2154 n.
842 2123 873 2153 1.

337 2179 366 2219 Ξ)
411 2179 481 2221 rag.
506 2179 646 2218 crxm,
669 2179 720 2221 sq.

337 2233 366 2274 ⁸)
411 2230 453 2263 Cf.
478 2231 564 2263 Iahn.
587 2243 655 2275 pag.
679 2233 765 2272 299,
795 2242 826 2262 n.
849 2232 880 2263 3.
925 2230 1011 2272 Quae
1043 2229 1166 2262 uncinis
1196 2228 1309 2261 inclusi
1338 2229 1373 2261 in
1394 2228 1486 2261 Paris.

291 2296 352 2318 non
374 2291 547 2317 occurrunt.

336 2340 365 2380 ⁴)
408 2341 478 2371 Post
500 2338 574 2370 haee
596 2339 686 2371 verba
719 2340 785 2372 cod.
819 2339 910 2371 Paris.
942 2337 1024 2382 apud
1046 2336 1134 2370 Iahn.
1158 2337 1264 2370 addit:
1289 2350 1308 2368 »
1317 2336 1486 2380 pinquedo

291 2394 376 2427 enim
397 2406 459 2426 non
481 2400 527 2426 est
551 2393 727 2425 Latinum.”

339 2449 368 2491 ¹⁵)
412 2450 469 2481 Pro
490 2448 540 2490 iis,
562 2459 638 2494 quae
660 2446 727 2479 h.1.
750 2447 837 2479 uncis
858 2446 978 2479 inclusa
995 2451 1070 2479 sunt
1091 2446 1155 2479 ood.
1179 2448 1245 2479 Par.
1262 2447 1372 2481 habet:
1396 2456 1485 2478 »esse

291 2503 445 2536 videtur.’'

338 2558 376 2599 ⁶).
422 2557 465 2590 Cf.
489 2557 575 2590 Iahn.
598 2568 666 2602 pag.
690 2559 774 2598 301,
797 2568 828 2588 n.
853 2559 883 2589 4.
