1857 3113
890 304 936 341 16

357 410 413 442 Hic
436 409 571 442 fabulam
594 409 697 452 tangit
722 410 759 451 ¹).
782 410 893 440 Forcus
915 419 968 440 rex
990 413 1053 440 tres
1074 407 1156 440 filias
1173 415 1318 451 gorgonas
1334 405 1433 438 fertur
1456 406 1508 437 ha-

356 473 464 505 buisse.
510 476 647 505 Stennon
661 497 670 513 ‚
705 472 844 505 eurialen
874 476 906 504 et
934 471 1101 505 medusam.
1148 473 1246 505 Erant
1274 475 1377 503 autem
1406 475 1510 501 tantae

354 535 598 578 pulchritudinis
620 541 658 568 ut
680 536 838 567 intuentes
862 546 893 568 se
915 541 1070 568 verterent
1092 537 1126 568 in
1147 535 1271 579 lapides.
1316 537 1381 567 Una
1407 538 1511 566 autem

354 598 483 631 illarum
507 599 695 644 praeferebat
718 610 748 631 se
771 599 901 643 reliquis
923 600 958 632 in
980 600 1212 645 pulchritudine
1233 599 1368 632 crinium
1378 597 1511 630 maxime

357 668 377 698 i.
401 678 426 699 e.
450 644 562 700 curtium.
609 671 711 710 Quam
733 679 853 712 perseus
883 668 1021 702 adhibito
1042 669 1213 701 cristallino
1241 668 1358 712 clippeo
1387 665 1510 699 interfe-

354 735 399 766 cit
421 716 457 767 et
467 716 569 779 ⁸eaput
590 736 679 768 illius
700 736 829 768 abscidit
851 741 883 767 et
905 748 1009 770 secum
1031 737 1219 782 deportavit,
1255 736 1335 780 quod
1356 736 1512 767 intuentes

356 811 478 843 quoque
500 800 640 832 homines
662 801 697 832 in
719 800 833 844 lapides
868 800 1073 833 vertebantur.
1119 799 1205 833 Unde
1226 811 1299 832 cum
1324 799 1453 831 venisset
1474 796 1512 830 ad

356 864 534 896 athlantem
557 876 662 908 regem
684 866 886 898 mauritaniae
908 871 941 897 et
962 865 1109 897 noluisset
1131 875 1203 897 eum
1224 863 1334 907 ospicio
1364 862 1513 906 suscipere

357 929 491 960 ostendit
523 929 551 960 ei
581 935 675 972 caput
707 941 856 973 gorgonae
869 954 878 970 ‚
909 929 965 973 qui
994 929 1099 961 statim
1127 938 1229 960 versus
1251 927 1352 959 estin
1373 932 1511 958 montem

354 993 401 1024 sui
424 993 557 1025 nominis
591 994 760 1026 secundum
790 993 937 1025 fabulam.
983 996 1123 1025 Fuerunt
1144 998 1249 1025 autem
1276 991 1441 1035 locupletes
1463 991 1511 1023 ni-

355 1057 423 1088 mis.
468 1056 554 1089 Unde
576 1068 721 1100 gorgones
743 1056 911 1098 dicuntur,
934 1057 1023 1100 quasi
1045 1067 1168 1100 georges
1189 1057 1209 1088 i.
1234 1067 1259 1087 e.
1282 1061 1381 1088 terrae
1401 1056 1511 1088 cultri-

354 1133 410 1153 ces.
458 1124 501 1153 Ge
522 1121 606 1152 enim
629 1133 732 1164 graece
754 1127 845 1153 terra.
888 1121 981 1165 Orgia
1002 1120 1126 1154 cultura
1148 1121 1273 1153 dicitur.
1318 1123 1437 1153 Mortuo
1457 1133 1511 1154 au·

357 1191 423 1217 tem
446 1192 533 1228 patre
556 1186 698 1217 successit
720 1186 749 1217 ei
771 1185 897 1217 medusa
918 1186 953 1216 in
974 1197 1089 1228 regno,
1111 1197 1206 1228 quam
1228 1186 1341 1219 auxilio
1356 1188 1511 1219 minervae

358 1249 511 1281 interfecit
544 1260 665 1293 perseus
695 1260 746 1280 rex
778 1249 878 1290 asiae,
908 1254 940 1280 et
967 1249 1005 1280 de
1035 1250 1184 1292 sanguine
1214 1251 1280 1282 eius
1309 1262 1444 1294 egressus
1466 1255 1512 1282 est

358 1326 483 1359 pegasus
505 1326 620 1358 equus,
643 1315 699 1358 qui
721 1315 796 1358 pede
818 1326 872 1346 suo
894 1320 1009 1346 terram
1030 1315 1202 1358 percutiens
1224 1316 1369 1359 produxit
1395 1315 1512 1347 fontem

357 1381 482 1412 nomine
516 1391 662 1424 pegasum
691 1380 771 1411 sicut
800 1379 905 1411 fabula
935 1380 1029 1412 finxit
1061 1392 1158 1424 greca.
1204 1378 1266 1421 Qui
1296 1380 1361 1412 fons
1395 1381 1512 1412 dicatus

355 1452 401 1477 est
423 1446 520 1488 poetis
542 1451 573 1477 et
595 1445 700 1476 musis.
746 1445 825 1476 Hinc
848 1445 1038 1476 marcianus:
1062 1451 1094 1477 et
1115 1445 1181 1477 fons
1204 1445 1346 1489 gorgonei
1369 1445 1448 1476 tulit
1465 1455 1512 1477 ca·

355 1507 441 1539 balli.
477 1511 539 1539 Hoc
560 1507 742 1539 fabulosum.
785 1511 840 1540 Est
863 1515 968 1540 tamen
990 1510 1101 1540 veritas
1123 1509 1285 1552 querenda.
1332 1512 1430 1551 Gorgo
1450 1514 1511 1540 ter-

355 1584 422 1613 ror3
447 1575 586 1604 Stennon
608 1572 769 1613 debilitas,
793 1573 916 1604 Euriale
939 1572 1002 1605 lata
1024 1572 1232 1617 profunditas3
1257 1572 1378 1604 Medusa
1399 1571 1511 1604 oblivio

356 1638 589 1680 interpretatur.
636 1640 714 1669 Haec
744 1639 847 1669 omnia
878 1643 1027 1669 terrorem
1056 1638 1235 1669 hominibus
1261 1636 1399 1678 faciunt,
1433 1647 1511 1680 quae

356 1702 460 1733 omnia
494 1713 616 1745 perseus
649 1703 781 1743 occidit,
815 1704 871 1746 qui
905 1703 1002 1734 latine
1031 1703 1132 1733 virtus
1159 1703 1389 1745 interpretatur.
1433 1704 1512 1734 Cum

357 1766 471 1799 auxilio
504 1767 659 1798 minervae
681 1766 702 1797 i.
725 1777 753 1798 e.
775 1766 938 1810 sapientiae
960 1766 1114 1798 interfecit
1127 1790 1136 1806 ‚
1168 1766 1242 1810 quia
1265 1766 1363 1797 virtus
1384 1764 1511 1797 auxilia-

356 1832 434 1863 trice
455 1832 605 1875 sapientia
627 1844 730 1864 omnes
753 1839 882 1864 terrores
904 1832 988 1864 vicit.
1033 1834 1076 1862 De
1098 1831 1187 1862 cuius
1209 1831 1356 1874 sanguine
1378 1840 1513 1873 egressus

355 1908 452 1941 equus
473 1908 601 1940 pegasus
623 1902 678 1928 est.
723 1899 852 1941 Pegasus
874 1897 959 1929 enim
988 1895 1068 1928 fama
1099 1895 1213 1927 dicitur
1243 1894 1316 1940 quia
1349 1894 1447 1926 virtus
1480 1904 1510 1926 o-

354 1963 441 1993 mnia
451 1973 596 2005 superans
615 1962 728 1994 famam
750 1963 808 1994 sibi
831 1963 994 2006 conquirit.
1018 1964 1061 1994 De
1084 1974 1146 2005 quo
1167 1967 1276 2005 potant
1298 1967 1417 2005 poetae,
1439 1960 1511 2004 qnia

355 2027 390 2058 in
412 2026 536 2058 laudem
558 2026 685 2057 virtutis
707 2026 842 2058 videntes
865 2038 932 2058 eam
954 2027 1113 2059 victricem
1136 2026 1312 2070 prosiliunt.

367 2091 423 2129 Ex
444 2091 488 2128 iis
513 2090 677 2143 denique
696 2093 851 2144 quaein
880 2092 1027 2131 scholiis
1055 2093 1168 2130 huius
1197 2093 1337 2131 codicis
1366 2101 1512 2132 exstant

311 2179 438 2218 neque
479 2179 639 2218 usquam
680 2167 791 2213 alibi,
834 2175 1020 2220 quantum
1061 2166 1215 2220 quidem
1256 2174 1511 2206 memoratum

311 2241 457 2294 reperi,
488 2240 671 2278 nonnulla
700 2242 913 2294 speciminis
950 2243 1067 2296 gratia
1098 2255 1289 2295 apponere
1318 2242 1425 2280 lubet
1458 2242 1508 2293 2).

357 2364 385 2404 ¹)
429 2364 528 2405 Supra
549 2361 623 2394 haec
645 2363 736 2395 verba
758 2364 792 2395 in
814 2365 896 2396 Voss.
921 2367 951 2396 1.
974 2363 1089 2396 lemma
1099 2362 1247 2406 scriptum
1258 2367 1319 2394 est:
1344 2362 1511 2405 Necfomo

313 2418 417 2449 labra.
459 2419 623 2461 Sequentia
645 2420 740 2451 etiam
762 2425 882 2451 exstant
904 2420 939 2452 in
968 2421 1048 2452 Voss.
1083 2421 1114 2451 2.
1128 2443 1137 2459 ‚
1172 2418 1223 2451 sed
1249 2417 1336 2451 valde
1374 2417 1513 2449 lacerata.

312 2475 394 2504 Voss.
422 2475 454 2504 3.
478 2484 512 2504 ea
534 2473 624 2516 longe
646 2474 783 2506 breviora
804 2474 907 2506 habet.

357 2528 384 2569 ²)
429 2526 478 2558 Ad
499 2529 561 2558 Sat.
586 2529 650 2567 111,
673 2530 715 2559 56
739 2528 833 2559 etiam
856 2528 890 2559 in
914 2528 1053 2570 margine
1075 2527 1229 2571 superiore
1241 2538 1303 2558 una
1320 2526 1511 2559 cumlittera

310 2582 482 2616 maiuscula
506 2584 532 2615 Y
555 2581 699 2626 adscripti
722 2587 796 2613 sunt
819 2588 979 2626 sequentes
1001 2592 1103 2614 versus
1126 2580 1310 2614 hexametri:
