1857 3113
914 265 961 302 64

338 369 463 409 verbis
493 386 542 409 vs.
575 374 625 409 30
661 385 745 409 ecce
778 374 885 408 inter
916 371 1067 421 pocula
1094 374 1293 422 quaerunt
1333 367 1371 405 in
1409 366 1530 406 omni-

338 444 410 483 bus
450 446 555 491 fere,
599 445 701 496 quod
740 445 879 490 sciam,
925 443 1153 482 editionibus
1194 444 1272 497 ipse
1311 449 1423 496 poeta
1465 440 1532 479 ad-

338 519 516 555 versantis
558 518 627 556 sibi
666 527 791 571 partes
832 517 986 569 suscipit
1027 530 1147 568 usque
1192 517 1239 554 ad
1283 530 1335 555 vs.
1382 517 1432 553 40
1475 513 1533 551 di-

336 591 552 631 midiatum.
612 593 757 632 Persius
796 594 898 632 enim
930 591 1023 630 haec
1067 592 1173 644 quasi
1201 606 1245 630 ex
1272 598 1398 630 mente
1427 588 1533 629 oblo-

337 667 476 703 cutoris
505 667 636 704 efferre
675 667 844 712 videtur,
887 666 950 704 sed
993 679 1121 704 revera
1151 667 1357 704 orationem
1385 667 1437 703 ita
1467 678 1533 702 suo

337 740 451 778 modo
479 741 658 779 informat
691 749 728 778 et
757 741 927 786 colorat,
973 748 1014 778 ut
1054 741 1199 779 facilius
1227 741 1327 779 illius
1356 746 1535 793 appareat

337 813 501 851 fatuitas.
533 813 676 851 Deinde
706 827 826 850 unum
856 821 893 850 et
922 812 1083 850 alterum
1112 826 1132 850 e
1158 814 1269 866 vulgo
1288 828 1325 851 se
1353 812 1535 865 interpel-

338 889 481 926 lantem
510 890 684 933 inducit,
728 889 793 938 qui
819 896 971 938 poetam
1015 895 1147 938 arguat
1174 888 1277 939 quod
1307 889 1417 926 nimis
1446 888 1535 926 risui

336 961 530 1014 indulgeat
575 960 807 1012 modumque
850 959 1018 997 excedat.
1091 960 1211 997 Aliter
1252 975 1339 999 vero
1381 961 1533 998 Heinri—

337 1035 468 1082 chius,
509 1036 548 1073 in
585 1036 691 1073 cuius
726 1035 891 1072 editione
933 1034 1020 1072 inde
1059 1048 1080 1072 a
1115 1049 1169 1074 vs.
1208 1037 1366 1073 28—43
1409 1035 1534 1073 omnia

337 1109 451 1147 verba
478 1110 659 1147 monitori
680 1139 690 1156 ‚
722 1109 790 1160 qui
817 1108 955 1146 dicitur
972 1138 981 1154 ,
1017 1108 1250 1147 tribuuntur.
1310 1109 1419 1147 Hanc
1446 1122 1533 1146 vero

338 1184 522 1222 rationem
556 1184 635 1237 ipsa
665 1182 868 1221 verborum
903 1183 1108 1229 sententia,
1137 1183 1357 1235 praesertim
1395 1197 1447 1221 vs.
1482 1184 1532 1220 33

339 1267 377 1297 et
405 1273 458 1297 vs.
493 1261 542 1296 40
562 1288 572 1304 ,
601 1260 688 1304 ait,
720 1259 795 1295 iam
838 1258 923 1295 satis
966 1258 1210 1309 redarguunt.
1282 1259 1366 1311 Ipse
1407 1266 1534 1296 tamen

337 1332 579 1371 Heinrichius
597 1361 607 1377 ,
651 1331 681 1368 si
709 1330 799 1382 quid
836 1331 943 1369 video
963 1361 972 1378 ,
1012 1344 1099 1370 cum
1128 1332 1174 1370 de
1199 1331 1271 1370 hoc
1305 1331 1409 1376 loco,
1454 1339 1535 1369 tum

337 1405 384 1444 de
413 1406 494 1443 aliis
527 1407 580 1455 ¹),
611 1419 687 1442 non
717 1419 864 1457 semper
888 1406 1045 1443 eandem
1066 1407 1262 1444 retinuisse
1283 1405 1432 1443 videtur
1451 1405 1530 1457 opi—

335 1480 505 1524 nionem,
523 1479 624 1530 quod
643 1480 768 1517 statim
789 1479 985 1531 apparebit
1004 1481 1053 1526 si,
1082 1494 1179 1531 quae
1197 1481 1235 1518 in
1253 1480 1354 1517 illius
1373 1478 1534 1516 editione

336 1553 436 1592 dicta
464 1561 551 1591 sunt
593 1553 640 1591 ad
669 1567 722 1591 vs.
764 1555 814 1590 30
845 1561 882 1591 et
917 1556 966 1591 36
986 1584 995 1600 ‚
1034 1555 1275 1593 conferantur
1303 1568 1391 1592 cum
1420 1554 1534 1592 totius

336 1628 409 1666 loci
437 1627 700 1667 distributione
727 1643 814 1681 pag.
846 1629 910 1667 17.
969 1630 1040 1668 Pro
1069 1630 1218 1668 insolito
1247 1631 1532 1682 hyacinthina,

338 1701 441 1752 quod
471 1701 572 1753 apud
602 1701 752 1738 nullum
793 1703 1012 1753 scriptorem
1052 1711 1225 1741 occurrat
1268 1703 1302 1753 2)
1347 1703 1393 1740 de
1422 1703 1533 1739 vesti·

337 1775 408 1813 bus
436 1775 636 1813 hominum
660 1775 925 1821 delicatorum,
956 1775 1057 1814 idem
1083 1777 1241 1815 coniecit
1260 1777 1533 1828 tyr-ianthina,

337 1849 401 1888 sed
429 1850 543 1888 nullis
572 1849 862 1901 suffragantibus
889 1848 1007 1887 libris.

393 1927 457 1964 46.
520 1923 704 1974 Quando]
737 1922 910 1976 Scoppae
932 1925 1190 1963 coniecturam
1213 1939 1452 1979 quamquam
1472 1939 1533 1963 re-

337 2000 438 2053 cepit
467 1998 708 2038 Heinrichius
738 1998 794 2048 3),
825 1998 893 2049 qui
921 2006 1048 2037 tamen
1082 2007 1205 2039 10111111
1233 2001 1358 2054 potius
1386 2013 1534 2038 versum

341 2073 506 2111 otiosum
547 2079 700 2117 censet,
743 2083 865 2121 quum
893 2072 1006 2110 etiam
1051 2073 1198 2112 codices
1235 2074 1391 2125 quidam
1422 2074 1534 2112 omit-

383 2271 410 2310 1)
457 2267 499 2300 Cf.
523 2268 609 2299 Iahn.
633 2268 667 2299 in
689 2268 782 2311 praef.
805 2268 877 2301 edit.
901 2269 1005 2301 Heinr.
1029 2280 1096 2313 pag.
1122 2272 1173 2302 10.

379 2324 407 2364 ²)
453 2322 495 2353 Cf.
521 2323 625 2353 Heinr.
649 2334 716 2365 pag.
742 2326 793 2354 84.

383 2378 411 2417 ⁸)
457 2379 555 2417 Quem
578 2377 645 2408 vide
668 2389 735 2421 pag.
761 2380 812 2409 86.
854 2379 1070 2422 Praeterquam
1092 2378 1126 2409 in
1148 2377 1301 2410 codicibus
1322 2389 1339 2410 a
1361 2377 1448 2410 Iahn.
1472 2389 1534 2410 me-

336 2430 481 2469 moratis,
515 2431 626 2461 excidit
658 2432 751 2463 etiam
775 2433 807 2463 in
830 2433 948 2464 duobus
982 2432 1201 2465 recentioribus
1235 2432 1402 2465 Hermanni
1426 2433 1533 2474 (Lectt.

335 2485 428 2515 Perss.
454 2485 520 2522 111,
545 2484 599 2524 6),
629 2491 660 2515 et
690 2487 867 2528 transpositi
889 2492 963 2518 sunt
986 2486 1036 2517 hie
1059 2492 1090 2517 et:
1112 2497 1239 2529 sequens
1261 2496 1364 2517 versus
1385 2484 1479 2517 etiam
1500 2485 1534 2516 in

335 2538 438 2570 Heinr.
463 2539 550 2570 Rom.
574 2543 606 2570 et
628 2538 714 2569 Trev.
738 2540 759 2570 2
781 2544 813 2570 et
836 2540 870 2571 in
893 2545 994 2571 nostro
1016 2541 1096 2571 Voss.
1120 2541 1151 2570 2.
