1857 3113
912 263 961 318 δῷ

340 367 475 409 Claud.
522 369 678 409 XXXV.
749 370 903 408 Prorsus
949 383 1036 408 vero
1082 370 1194 409 aliam
1223 370 1533 423 significationem

338 444 452 482 habet
480 444 580 482 idem
610 444 838 482 vocabulum
868 445 906 481 in
934 443 1005 480 hac
1044 442 1123 481 Sat.
1155 457 1207 481 vs,
1243 447 1336 482 118:
1369 459 1536 484 excusso

337 518 582 570 suspendere
610 532 732 564 naso,
764 531 878 569 quam
897 517 1101 556 dictionem
1122 516 1364 557 casaubonus
1380 532 1533 573 compa-

337 592 433 629 ravit
463 605 550 629 cum
592 592 798 631 Horatiano
838 607 939 630 naso
977 592 1132 630 adunco
1162 592 1257 644 (Sat.
1289 594 1332 641 Ι,
1364 598 1387 632 6
1407 625 1415 641 ,
1449 596 1533 646 5.),

338 673 379 703 ut
407 675 539 718 postea
568 668 681 706 etiam
710 668 797 707 feeit
827 666 1068 706 Heinrichius
1111 668 1159 718 1).
1201 668 1250 706 At
1278 669 1470 707 Passovius
1499 670 1533 719 2)

338 755 612 794 synonymum,
644 750 681 780 et
709 742 843 780 fortius
871 741 1026 793 quidem
1043 772 1052 787 ‚
1083 742 1224 779 iudicat
1252 743 1286 780 ei
1314 742 1417 794 quod
1444 743 1536 780 dixit

338 816 518 855 Horatius
547 820 665 855 naris
694 821 897 854 emunctae
914 829 928 862 ‚·
961 817 1132 855 similiter
1160 817 1272 855 etiam
1302 817 1455 855 Iahnius
1482 818 1533 869 3).

338 891 389 927 Hi
418 893 596 942 cogitasse
627 891 801 927 videntur
841 890 889 926 de
926 903 1015 926 naso
1061 903 1172 927 muco
1205 899 1241 927 et
1273 892 1370 928 mala
1399 892 1537 944 pituita

336 971 511 1015 purgato.
583 962 658 1001 Sed
702 962 932 1001 verissimam
980 963 1155 1001 vocabuli
1200 969 1384 1001 excutere
1423 963 1463 1002 h.
1505 965 1535 1004 l.

337 1038 650 1090 significationem
697 1046 780 1090 post
832 1037 1098 1076 Casaubonum
1148 1039 1221 1075 iam
1270 1039 1537 1077 intellexerunt

337 1111 572 1159 Farnabius,
615 1112 683 1164 qui
712 1112 912 1166 explicavit
949 1111 995 1150 de
1035 1126 1135 1150 naso
1172 1125 1250 1150 non
1282 1118 1454 1167 rugato,
1499 1121 1536 1152 et

339 1185 507 1223 Bondius
536 1186 572 1236 4)
603 1187 651 1224 de
690 1201 790 1224 naso
832 1201 909 1224 non
946 1200 1119 1238 rugoso,
1165 1188 1238 1224 sed
1271 1193 1504 1240 exporrecto
1520 1201 1535 1233 ,·

341 1260 400 1298 vel
420 1267 461 1298 ut
489 1260 588 1298 idem
614 1260 727 1297 etiam
746 1260 895 1312 plenius
914 1259 1023 1297 dixit:
1059 1273 1083 1311 '.'
1100 1274 1266 1298 excusso
1293 1262 1538 1315 suspendere

338 1347 467 1379 naso,
512 1342 567 1371 est
609 1341 707 1371 tecte
741 1343 778 1372 et
808 1334 965 1371 subdole
1006 1334 1178 1372 irridere:
1224 1349 1337 1381 nam,
1379 1336 1445 1386 qui
1487 1336 1538 1373 sic

337 1407 519 1452 irrident,
560 1420 638 1444 non
668 1407 831 1458 crispant
860 1420 966 1444 nares
1002 1420 1127 1458 neque
1155 1408 1193 1445 in
1223 1422 1377 1446 sannam
1407 1422 1536 1447 corru-

336 1488 452 1534 gant,
486 1480 550 1518 sed
579 1494 713 1519 nasum
742 1481 937 1519 excutiunt
966 1493 1008 1517 ac
1046 1481 1270 1533 porrigunt,
1315 1496 1358 1520 ac
1386 1483 1415 1520 si
1443 1483 1538 1521 nihil

336 1555 411 1593 tale
442 1555 640 1607 agerent.''
712 1556 881 1593 Eandem
922 1555 1211 1606 explicationem
1251 1557 1442 1609 amplexus
1483 1558 1537 1595 vi-

338 1629 476 1675 detur,
520 1636 563 1666 ut
607 1643 649 1667 ex
690 1629 827 1667 collato
857 1630 1002 1667 Horatii
1044 1630 1127 1667 loco
1157 1631 1340 1677 efficitur,
1385 1632 1537 1670 Heinri-

340 1703 446 1741 chius
490 1703 553 1754 5),
597 1704 694 1754 qui,
739 1704 828 1742 licet
870 1705 1141 1756 interpretetur
1182 1718 1343 1742 sursum
1383 1708 1539 1744 iactato

336 1844 381 1870 est
403 1837 503 1870 verbis
525 1837 714 1878 examinare,
738 1838 909 1882 inquirere,
933 1837 1033 1870 tribus
1056 1838 1128 1871 locis
1151 1840 1281 1883 exceptis
1304 1840 1358 1872 ubi
1381 1841 1539 1885 quatiendi

336 1895 492 1925 notionem
517 1893 618 1924 habet.

383 1950 414 1991 1)
458 1947 581 1979 casaub.
606 1947 640 1978 in
664 1948 741 1978 Pers.
766 1948 866 1978 Horat.
891 1947 971 1978 imit.
996 1959 1064 1991 pag.
1091 1949 1178 1988 2063
1204 1948 1307 1980 Heinr.
1331 1960 1398 1992 pag.
1423 1952 1494 1981 112.

381 2005 409 2043 Ξ)
455 2004 486 2032 Ρ.
512 2004 599 2040 348,
623 2013 689 2044 sq.;
712 2001 748 2032 cf.
773 2015 801 2044 p.
822 2005 899 2033 111.
941 2003 1031 2034 lllius
1054 2009 1158 2034 tamen
1176 2015 1279 2034 versus
1291 2015 1412 2035 sensum
1423 2004 1539 2046 optime

336 2056 469 2088 reddidit
493 2056 526 2085 in
550 2055 706 2086 versione:
731 2056 898 2096 »Schlau,
921 2057 982 2087 mit
1004 2063 1138 2088 ernstem
1162 2056 1284 2088 Gesicht
1306 2058 1357 2089 das
1371 2062 1539 2101 gesammte

336 2110 417 2142 Volk
440 2121 478 2140 zu
501 2108 697 2140 verlachen.”

384 2166 412 2205 ³)
457 2165 489 2194 P.
514 2166 587 2195 112.

382 2220 411 2260 ¹⁴)
458 2217 584 2249 Farnab.
608 2219 642 2249 in
665 2219 824 2251 Animadv.
848 2218 885 2251 ad
908 2230 936 2250 v.
962 2222 1026 2251 118
1049 2226 1081 2251 et
1103 2220 1197 2251 Bond.
1217 2220 1251 2252 iu
1263 2218 1406 2262 Ecphrasi
1418 2219 1455 2251 ad
1466 2230 1538 2252 eum

337 2274 440 2305 locum
463 2279 495 2303 et
518 2273 552 2303 in
575 2275 703 2303 Annott.

381 2328 410 2368 ⁵)
455 2328 486 2357 Ρ.
512 2329 575 2357 111
591 2350 601 2366 ‚
625 2337 667 2370 sq.
713 2327 798 2358 Idem
831 2339 900 2359 vero
935 2339 1091 2371 perperam
1126 2328 1357 2371 explicationem
1391 2335 1539 2359 emuncto

338 2381 452 2414 tribuit
475 2380 616 2421 Luhino,
647 2394 745 2425 quum
768 2382 830 2413 iam
852 2383 933 2426 apud
957 2388 1089 2414 veterem
1112 2382 1312 2414 Scholiastam
1335 2394 1369 2413 ea
1391 2387 1537 2413 occurrat.

337 2436 448 2470 Eidem
471 2436 715 2479 interpretationi
738 2436 836 2468 favere
859 2437 980 2469 videtur
1004 2439 1156 2477 Erasmus,
1181 2438 1237 2481 qui
1260 2437 1294 2467 in
1312 2436 1435 2478 Adagiis
1455 2437 1537 2480 (pag.

338 2495 421 2532 165,
442 2489 515 2522 edit.
544 2493 646 2532 1643)
657 2490 740 2522 hunc
755 2503 897 2532 versum,
922 2492 1099 2524 memoriter
1121 2490 1264 2530 fortasse,
1287 2490 1384 2521 citans
1406 2502 1461 2534 pro
1483 2502 1538 2522 ex-

338 2557 438 2579 cusso
460 2544 584 2588 scripsit
606 2552 744 2577 exterso.
792 2548 839 2577 lta
860 2547 954 2579 etiam
976 2547 1071 2578 vertit
1102 2547 1136 2577 G.
1160 2547 1193 2576 E.
1228 2543 1397 2577 Weberus:
1433 2558 1451 2576 »
1463 2546 1538 2578 Fein
