1857 3113
912 251 960 286 56

335 352 500 390 ctionem
545 352 732 400 Bondius,
778 353 1017 393 Hermannus
1053 358 1085 407 ¹)
1107 387 1115 401 ,
1160 356 1311 395 Iahnius
1353 356 1417 407 2),
1439 361 1443 363 “
1467 354 1531 395 alii

335 427 470 463 merito
513 427 842 465 commendarunt.
908 429 1110 482 Perperam
1150 431 1263 468 etiam
1292 429 1531 467 Heinrichius

333 499 533 538 lectionem
577 513 682 539 suam
737 502 835 540 tueri
872 510 1032 541 conatur
1072 502 1195 541 verbis
1242 502 1393 541 Sallust.
1443 502 1528 542 Cat.

331 587 364 611 c.
411 573 490 611 XI:
553 588 640 612 »ne
681 574 737 612 illi
778 577 963 628 corruptis
1005 577 1173 615 moribus
1214 578 1390 616 victoriae
1432 584 1531 614 tem-

329 647 566 699 perarent‚''
630 648 696 685 ubi
743 662 791 687 ne
836 663 913 687 non
965 658 1019 688 est
1069 651 1256 703 particula
1307 650 1530 687 affirmativa

332 722 472 773 (nae),
513 722 577 761 sed
619 722 863 776 prohibitiva.
938 724 1082 763 Eadem
1127 724 1262 764 harum
1309 724 1528 764 vocularum

332 796 504 834 confusio
541 805 596 836 est
636 798 737 851 apud
780 799 997 837 Terentium
1044 798 1206 851 Adelph.
1249 799 1312 844 V,
1356 801 1400 844 3,
1446 800 1529 842 49,

331 885 413 921 sqq.
452 871 520 908 ubi
547 872 717 909 Donatus
754 880 955 922 utramque
991 873 1193 910 lectionem
1223 873 1372 911 exhibet
1401 881 1438 910 et
1465 886 1531 910 ex-

328 933 478 997 plicans

383 1020 420 1055 8.
466 1018 573 1056 Nam
597 1017 749 1056 Romae
776 1023 838 1056 est
866 1020 956 1070 cet.]
991 1019 1049 1058 Ne
1076 1021 1115 1058 in
1146 1017 1318 1071 eligenda
1347 1018 1524 1064 lectione,

327 1105 425 1142 quae
440 1091 480 1130 h.
501 1092 529 1128 1.
562 1092 724 1129 maxime
743 1093 789 1129 sit
808 1094 1091 1131 accommodata
1107 1093 1372 1131 halucinernur
1386 1092 1438 1140 3),
1468 1105 1526 1129 sa—

328 1166 402 1203 tius
418 1174 473 1203 est
502 1165 613 1204 codd.
635 1167 671 1217 4)
703 1167 781 1205 fere
811 1168 982 1206 omnium
1000 1167 1263 1206 auctoritatem
1282 1165 1389 1216 sequi
1418 1177 1526 1203 cum-

334 1253 408 1292 que
438 1239 570 1278 Iahnio
602 1240 666 1291 5),
699 1241 879 1280 Teuffelio
908 1240 944 1293 ⁶)
975 1249 1012 1280 et
1038 1240 1226 1293 prioribus
1267 1239 1459 1278 nonnullis
1487 1240 1524 1291 7)

375 1387 403 1427 ¹)
448 1388 542 1417 Lectt.
574 1387 667 1417 Perss.
701 1389 769 1427 ΠΙ,
801 1390 832 1419 4.
845 1412 855 1428 ‚
890 1387 944 1419 uhi
975 1398 1010 1418 ex
1039 1385 1157 1417 duobus
1178 1384 1378 1416 deterioribus
1400 1389 1527 1416 tantum

326 1438 410 1471 codd.
443 1438 607 1470 lectionem
638 1452 701 1471 nne
734 1440 834 1472 affert.
864 1441 922 1472 Sed
945 1441 978 1471 in
1001 1440 1059 1471 tali
1082 1451 1115 1471 re
1136 1438 1288 1470 codicibus
1311 1439 1445 1470 nimium
1469 1438 1524 1470 tri-

324 1493 418 1525 buere
452 1500 535 1525 vetat
568 1493 630 1525 fere
663 1500 802 1526 constans
832 1495 866 1526 in
889 1495 927 1526 iis
949 1494 1101 1526 scribendi
1123 1494 1210 1525 ratio.
1243 1492 1297 1524 Cff.
1322 1499 1426 1524 tamen
1448 1504 1529 1538 quae

321 1547 594 1580 animadvertimus
616 1547 654 1579 de
675 1548 758 1580 codd.
782 1549 863 1581 Leid.
888 1555 920 1581 et
942 1551 1023 1580 Voss.
1037 1552 1064 1580 1.
1090 1560 1158 1593 pag.
1183 1551 1225 1589 8,
1248 1559 1292 1591 sq.
1317 1552 1348 1579 et
1371 1549 1421 1578 2¹.

369 1604 397 1643 ²)
442 1604 474 1633 P.
501 1603 558 1642 78,
583 1613 627 1646 sq.

373 1657 400 1696 ³)
446 1658 549 1686 Herm.
564 1680 574 1695 ‚
597 1657 651 1699 qui
674 1658 849 1700 ceteroquin
872 1658 965 1689 nimis
987 1657 1103 1689 tribuit
1131 1658 1307 1689 auctoritati
1340 1657 1523 1689 lemmatum

325 1709 489 1742 amborum
511 1710 594 1742 codd.
619 1710 712 1752 (Leid.
737 1716 768 1742 et
790 1711 939 1754 Norimb.)
962 1711 1158 1752 scholiastae,
1180 1710 1237 1742 hoc
1259 1710 1323 1743 loco
1342 1711 1417 1743 editi
1437 1713 1525 1743 Com-

325 1766 422 1798 menti
445 1765 559 1797 lemma
592 1767 733 1810 sequitur
764 1769 873 1808 (Lectt.
904 1770 994 1798 Perss.
1018 1769 1071 1807 11,
1094 1778 1161 1810 pag.
1186 1767 1253 1807 9.)‚
1283 1766 1334 1797 cui
1358 1766 1523 1807 maiorem,

323 1831 416 1863 quam
439 1830 494 1862 par
516 1825 585 1860 est,
609 1820 639 1852 h.
654 1821 676 1852 1.
700 1820 795 1854 fidem
807 1821 917 1854 habuit
931 1845 940 1862 ,
964 1826 1001 1851 ut
1012 1819 1146 1851 ostendit
1168 1819 1255 1851 Iahn.
1279 1820 1312 1850 in
1336 1831 1414 1851 cens.
1438 1820 1522 1852 laud.

323 1886 390 1919 pag.
416 1877 508 1906 1103.

368 1930 398 1971 Β)
421 1930 521 1972 Neque
543 1929 574 1960 h.
598 1929 620 1961 l.
644 1932 703 1974 ΜΡ.
736 1931 818 1962 tanti
840 1932 991 1962 momenti
1014 1936 1080 1971 est,
1114 1942 1213 1973 quum
1235 1931 1269 1961 in
1292 1932 1381 1962 Rom.
1406 1942 1468 1962 non
1490 1943 1524 1963 0-

324 1984 451 2016 missum
475 1984 516 2015 sit
538 1990 570 2015 et
593 1990 722 2028 uterque
744 1996 798 2028 pro
821 1987 939 2016 Romae
961 1984 1070 2016 habeat
1093 1985 1201 2015 Roma.
1247 1984 1371 2025 Paucis,
1394 1985 1428 2015 in
1451 1986 1523 2029 qui-

323 2038 381 2069 bus
403 2045 456 2069 est
475 2038 622 2069 omissum
646 2045 713 2079 est,
736 2039 850 2071 accedit
882 2045 984 2071 noster
1018 2040 1099 2069 Voss.
1125 2041 1165 2077 3;
1189 2038 1223 2069 in
1246 2039 1340 2069 Periz.
1364 2038 1403 2070 ab
1424 2039 1521 2072 altera

324 2104 422 2124 manu
445 2092 628 2124 transfixum
651 2100 705 2125 est.

371 2149 399 2189 ⁵)
445 2147 488 2179 Cf.
518 2154 623 2180 tamen
651 2160 719 2192 pag.
745 2150 816 2181 113.
830 2173 840 2189 ,
875 2147 930 2179 ubi
959 2152 1100 2178 nostrum
1131 2156 1253 2177 versum
1274 2145 1372 2178 citans
1394 2146 1519 2179 scribit:

323 2205 442 2235 Romae
477 2204 554 2244 quis
583 2206 677 2235 mm?
722 2204 864 2234 Ceterum
886 2202 924 2234 de
945 2201 1108 2246 aposiopesi
1138 2206 1206 2244 post
1236 2201 1317 2245 quod
1339 2201 1522 2235 vocabulum

323 2257 403 2289 hanc
426 2257 529 2289 locum
551 2257 662 2290 habere
684 2263 802 2289 censeat
815 2281 825 2298 ‚
849 2256 1038 2289 solummodo
1061 2260 1145 2299 patet
1167 2266 1203 2287 ex
1225 2256 1290 2288 eius
1311 2255 1521 2300 distinguendi

324 2313 449 2345 ratione.

370 2366 399 2408 ⁶)
444 2368 514 2409 Pag.
537 2370 602 2407 55,
623 2379 654 2398 n.
678 2367 721 2385 Ἠ
743 2373 774 2398 et
797 2369 850 2398 94.

366 2422 394 2463 ⁷)
439 2419 582 2451 Pithoeus
595 2445 604 2461 ,
627 2421 749 2453 Casaub.
773 2421 839 2463 (cui
862 2426 966 2453 tamen
1000 2422 1094 2453 etiam
1117 2421 1212 2453 altera
1234 2419 1385 2451 arridebat
1407 2418 1518 2460 lecti03

322 2474 359 2506 cf.
382 2486 455 2519 pag.
480 2476 561 2516 52),
597 2474 747 2506 Schrevel.
762 2500 771 2515 ,
794 2476 876 2507 Reiz.
890 2500 900 2516 ,
929 2477 1042 2507 Passov.
1056 2499 1065 2516 ‚
1090 2477 1123 2507 E.
1148 2477 1183 2506 G.
1206 2474 1327 2506 Weber.
1342 2498 1352 2514 ‚
1375 2473 1519 2508 Hauthal.

321 2529 341 2560 I.
366 2529 388 2560 l.
408 2541 477 2573 pag.
499 2532 539 2560 14
553 2553 563 2570 ,
586 2540 631 2572 sq.
656 2529 711 2560 ubi
734 2529 861 2560 verbum
885 2537 936 2559 est
956 2530 1049 2560 etiam
1075 2534 1177 2559 nostro
1199 2529 1263 2559 loco
1285 2528 1429 2560 vindicat.
