1857 3113
931 312 954 350 2

348 428 498 473 tempus
525 427 676 473 praeter
716 419 894 458 Iahnium
931 420 1047 458 etiam
1083 419 1149 458 alii
1176 419 1428 465 exstiterunt,
1474 418 1542 471 qui

348 491 409 531 vel
435 492 507 546 ipsi
534 492 672 530 criticis
714 493 831 546 copiis
859 492 1062 538 instructi,
1105 492 1165 530 vel
1200 492 1361 529 aliorum
1388 491 1542 542 vestigia

347 567 494 613 secuti,
525 568 564 605 in
593 566 718 605 Persio
747 567 971 606 illustrando
1000 566 1255 606 elaborarunt.
1314 566 1542 605 Prodierunt

348 639 392 680 C.
425 640 469 679 F.
501 640 712 680 Hermanni
739 641 938 680 Lectiones
967 642 1164 681 Persianae
1192 650 1230 681 et
1257 642 1371 680 editio
1392 641 1542 680 Heinri-

347 716 509 762 chiana,
549 716 588 753 in
629 716 769 768 quibus
810 717 980 768 utrisque
1020 717 1124 754 libris
1153 717 1267 755 etiam
1310 717 1381 754 alia
1423 728 1543 768 eaque

346 804 443 830 nova
487 791 651 829 subsidia
680 791 719 828 in
748 790 930 828 auxilium
971 799 1101 830 vocata
1134 798 1235 829 sunt.
1305 791 1451 829 Horum
1484 790 1542 828 di-

346 866 460 903 versis
489 866 528 903 in
571 864 741 904 Persium
785 865 929 902 collatis
973 866 1104 903 studiis
1133 866 1297 911 accidit,
1329 866 1429 917 quod
1459 879 1543 903 raro

346 948 496 978 tantum
525 941 564 977 in
593 939 749 977 edendis
778 939 1023 991 scriptoribus
1053 952 1122 977 usu
1151 940 1278 985 venit,
1323 947 1366 978 ut
1393 953 1544 992 prorsus

345 1013 537 1051 seiunctae
566 1026 586 1050 a
616 1026 653 1050 se
681 1013 844 1051 invicem
874 1013 1004 1065 copiae
1039 1012 1224 1050 elaborari
1256 1020 1294 1050 et
1335 1014 1375 1050 in
1417 1014 1543 1052 lucem

342 1086 466 1125 emitti
506 1087 715 1139 potuerint.
808 1087 906 1124 Tum
949 1086 1081 1124 eodem
1121 1086 1199 1123 fere
1244 1094 1416 1138 tempore
1453 1101 1543 1139 pro-

343 1160 499 1199 dierunt
528 1161 804 1199 Duentzeriana
833 1160 948 1199 editio
982 1160 1021 1197 in
1050 1172 1161 1197 usum
1190 1158 1404 1197 scholarum
1438 1173 1542 1198 com-

344 1241 476 1287 parata
496 1263 506 1280 ,
551 1242 589 1272 et
631 1233 805 1271 Teuffelii
847 1234 967 1271 versio
1010 1233 1223 1285 germanica
1266 1232 1544 1286 prolegomenis

346 1317 385 1348 et
428 1309 735 1348 annotationibus
783 1317 943 1356 ornata3
989 1323 1151 1362 quorum
1191 1308 1254 1347 hic
1287 1309 1326 1346 in
1354 1309 1544 1362 plerisque

344 1382 470 1421 Iahnii
509 1385 766 1422 recensionem
790 1414 800 1430 ‚
844 1384 909 1422 ille
942 1398 1031 1422 vero
1064 1385 1245 1422 lectiones
1280 1384 1328 1421 ab
1358 1384 1544 1422 Herman—

341 1469 392 1493 no
422 1458 706 1495 commendatas
734 1466 883 1496 secutus
912 1465 981 1496 est.
1012 1458 1158 1496 Neuter
1184 1458 1241 1495 uti
1272 1458 1397 1510 potuit
1426 1457 1543 1495 Hein-

342 1527 509 1567 richiana
550 1529 745 1578 editione,
790 1532 933 1586 quippe
971 1545 1068 1584 quae
1101 1547 1122 1570 a
1168 1531 1300 1570 Iahnio
1345 1546 1389 1570 ex
1428 1531 1544 1584 ipsius

340 1602 553 1642 Heinrichii
594 1603 738 1643 schedis
781 1605 959 1644 adornata
981 1637 992 1653 ,
1027 1614 1112 1660 post
1156 1606 1348 1659 vulgatam
1388 1605 1543 1645 demum

341 1677 467 1716 Iahnii
509 1678 718 1717 editionem
763 1681 895 1718 emissa
923 1688 992 1718 est.
1050 1681 1197 1718 Horum
1224 1682 1341 1732 igitur
1373 1681 1545 1733 quinque

342 1752 582 1791 eruditorum
620 1754 786 1792 virorum
805 1784 816 1801 ,
844 1754 985 1801 Iahnii,
1026 1753 1263 1799 Hermanni,
1300 1754 1509 1791 Heinrichii
1530 1783 1541 1800 ‚

340 1828 545 1866 Duentzeri
574 1835 612 1866 et
643 1829 816 1868 Teuffelii
842 1830 881 1866 in
901 1829 1071 1866 Persium
1096 1829 1448 1874 commentationes,
1472 1840 1545 1866 nec

339 1916 416 1941 non
446 1902 608 1940 aliorum
651 1903 820 1941 virorum
857 1902 1055 1942 doctorum
1073 1932 1084 1949 ,
1120 1903 1187 1955 qui
1224 1909 1311 1956 post
1339 1902 1424 1940 illos
1453 1902 1543 1940 Per—

341 1978 384 2015 sii
412 1978 540 2015 satiras
573 1977 713 2029 passim
760 1978 986 2029 attigerunt,
1030 1977 1342 2022 lucubrationes,
1387 1989 1542 2014 accura-

340 2051 416 2089 tius
444 2050 540 2088 mihi
567 2051 834 2089 examinandas
877 2051 1019 2095 sumsi,
1060 2057 1130 2095 ut,
1163 2050 1320 2102 singulis
1350 2051 1543 2104 perpensis

341 2132 380 2163 et
406 2123 652 2177 ponderatis,
685 2139 753 2177 pro
778 2124 919 2162 viribus
949 2138 1174 2177 exponerem
1207 2138 1394 2176 quaenam
1433 2138 1542 2176 prae-

341 2198 471 2236 sertim
499 2199 679 2237 lectiones
699 2228 710 2245 ,
740 2198 934 2237 interdum
959 2199 1073 2237 etiam
1097 2198 1444 2250 interpretationes,
1476 2196 1544 2235 ubi

340 2274 486 2312 laudati
509 2275 608 2312 inter
636 2287 675 2311 se
693 2274 917 2327 interpretes
950 2274 1161 2320 differrent,
1191 2273 1352 2311 maxime
1377 2286 1414 2310 se
1439 2285 1541 2311 com-

338 2349 576 2389 mendarent.
638 2349 773 2402 Neque
816 2351 895 2404 ipse
928 2350 968 2388 in
1001 2363 1044 2387 ea
1079 2362 1119 2386 re
1151 2348 1279 2386 critica
1308 2347 1542 2402 supellectile

337 2437 491 2478 prorsus
520 2424 720 2463 destitutus
750 2425 816 2464 fui.
850 2426 977 2475 Quum
1006 2423 1107 2461 enim
1124 2436 1208 2461 mea
1230 2424 1396 2462 multum
1424 2424 1541 2461 inter-

337 2506 433 2539 esset
462 2499 629 2551 egregias
673 2499 818 2538 Heinsii
857 2484 1096 2538 membranas
1114 2527 1124 2544 ,
1156 2511 1319 2550 quarum
1355 2498 1541 2549 integram

335 2575 580 2616 collationem
609 2574 766 2615 Iahnius
793 2574 947 2615 dolebat
976 2575 1048 2615 sibi
1075 2574 1284 2616 aut-manus
1308 2586 1386 2613 non
1404 2571 1536 2620 fuisse,
