1857 3113
856 241 904 279 57

286 354 346 388 est
373 351 532 389 retinere
550 378 560 394 ,
601 347 712 386 modo
745 361 832 386 cum
866 348 1014 387 duobus
1042 348 1099 386 his
1129 349 1360 402 aposiopesin
1386 354 1469 401 post

284 438 332 461 ac
363 425 394 474 1)
442 431 661 461 statuamus,
729 423 813 475 Ωιιιἱ
843 431 971 460 contra
1009 431 1096 461 ante
1128 422 1200 461 hoe
1242 423 1472 461 vocabulum

284 497 514 550 aposiopesin
542 503 691 549 ponunt
711 525 721 542 ‚
750 496 791 534 hi
818 496 951 534 melius
979 502 1026 534 at
1054 497 1089 548 2)
1119 497 1305 548 recipiunt
1322 525 1331 541 ,
1364 495 1473 532 cuius

231 604 234 606 .
284 572 359 610 vim
393 579 431 609 et
466 571 774 623 significationem
817 570 957 625 optime
999 570 1213 608 indicarunt
1255 568 1471 619 Lennepius

285 645 331 683 ad
362 644 470 683 Ovid.
505 645 614 683 HErr.
649 645 725 691 III,
773 647 847 683 149
894 652 932 682 et
961 643 1073 683 Orell.
1123 644 1170 682 ad
1214 641 1305 679 Hor.
1351 639 1472 691 Epod.

284 719 317 755 V
334 748 344 765 ‚
385 720 420 757 1.
462 741 517 748 —
561 719 687 769 Quum
729 733 815 757 vero
854 720 1006 758 difficile
1045 720 1091 757 sit
1138 725 1239 757 certo
1286 716 1474 754 affirmare

284 792 377 843 quid
404 800 516 843 poeta
544 792 605 829 hic
634 792 854 838 reticuerit,
898 800 981 830 tum
1016 792 1137 830 audax
1165 798 1220 829 est
1248 797 1411 826 statuere
1439 788 1474 825 ei

283 866 357 904 iam
385 865 457 904 hoc
485 879 593 904 versu
623 874 710 905 ante
738 867 865 905 oculos
894 866 1006 904 fuisse
1027 865 1165 912 verba,
1197 877 1296 915 quae
1319 863 1472 901 demum

284 952 336 977 vs.
380 941 449 976 121
484 939 659 976 enunciat
689 940 738 990 3).
769 939 920 977 Etenim
949 938 1042 976 haec
1070 939 1195 990 opinio
1222 938 1357 975 merito
1386 936 1473 974 red—

284 1013 453 1065 arguitur
480 1026 524 1051 eo
553 1013 653 1064 quod
672 1043 681 1059 ‚
724 1021 766 1051 ut
808 1013 973 1053 Bauerus
1002 1013 1038 1065 4)
1068 1014 1357 1068 animadvertit,
1383 1013 1474 1050 Per-

327 1164 353 1206 1)
398 1167 518 1197 Praeter
540 1176 588 1196 eos
610 1165 688 1197 hanc
710 1166 894 1209 particulam
905 1173 1031 1199 tantum
1053 1166 1197 1199 exhibent
1214 1165 1316 1205 Pith.‚
1339 1163 1475 1204 Casaub.⁷

281 1219 437 1251 Achaintr.
463 1222 553 1259 (teste
575 1221 677 1250 Herm.
701 1232 800 1263 quum
822 1232 884 1252 non
909 1222 1063 1253 indicatur
1084 1221 1118 1252 in
1141 1222 1209 1253 Var.
1232 1222 1313 1251 Lect.
1336 1218 1417 1262 apud
1439 1220 1473 1249 E.

268 1275 316 1306 .G.
339 1273 460 1315 Web.)‚
484 1273 669 1306 Hauthalius
691 1280 723 1306 et
744 1276 943 1307 Deuntzerus.

326 1329 353 1369 ²)
398 1328 441 1359 At
461 1327 575 1359 habent
597 1335 716 1371 praeter
738 1328 966 1370 Schrevelium‚
998 1330 1153 1361 Passovius
1175 1334 1206 1360 et
1229 1326 1422 1359 Heinrichius
1443 1333 1477 1358 et

280 1382 471 1414 commendat
493 1384 595 1414 Herm.
618 1386 713 1415 Lectt.
738 1385 829 1415 Perss.
853 1386 917 1424 ΙΙΙ,
951 1396 1017 1427 pag.
1043 1387 1083 1423 4,
1108 1395 1169 1426 sq.‚
1194 1383 1247 1414 ubi
1270 1382 1348 1414 hanc
1370 1381 1475 1412 lectio-

279 1448 352 1469 nem
374 1437 468 1468 etiam
489 1435 578 1467 affert
600 1448 635 1468 ex
657 1437 719 1468 cod.
744 1437 842 1468 Guelf.
866 1440 918 1478 B.‚
953 1449 1007 1480 pro
1029 1448 1089 1480 quo
1112 1436 1144 1467 in
1167 1436 1239 1467 edit.
1263 1435 1348 1467 Iahn.
1373 1445 1472 1466 errore

280 1490 495 1534 typographica
528 1502 670 1523 excusum
702 1497 748 1522 est
781 1493 823 1522 W
851 1495 879 1524 2.
915 1491 993 1535 quod
1017 1490 1104 1522 debet
1125 1500 1185 1521 esse
1218 1492 1259 1521 W
1284 1496 1311 1524 1.
1356 1491 1471 1520 Passov.

280 1550 384 1577 antem
407 1546 488 1587 (pag.
512 1546 598 1586 251.)
621 1546 734 1588 recepit
756 1553 793 1576 at
812 1557 846 1577 ex
869 1546 932 1577 cod.
955 1548 1066 1577 Monac.
1090 1548 1131 1586 2,
1154 1556 1189 1576 ex
1211 1555 1273 1587 quo
1293 1543 1356 1574 cod.
1380 1542 1468 1573 Iahn.

281 1600 323 1641 (M
347 1600 391 1640 4.)
414 1598 504 1630 affert
527 1600 585 1639 ah,
608 1611 707 1643 quum
728 1600 810 1632 idem
833 1606 937 1633 contra
965 1612 1000 1632 ex
1022 1602 1050 1631 M
1073 1603 1104 1632 5.
1129 1605 1160 1631 et
1183 1602 1213 1631 6.
1236 1597 1360 1643 praebet
1382 1604 1418 1628 at
1438 1597 1474 1628 in

280 1652 392 1695 quibus
413 1654 526 1684 Passov.
550 1655 690 1694 (Monacc.
715 1657 734 1685 3
758 1660 790 1685 et
815 1657 846 1696 1)
869 1655 1019 1686 invenisse
1042 1655 1162 1686 videtur
1185 1666 1234 1684 ac.
1279 1653 1329 1684 sic
1351 1664 1387 1683 ex
1410 1651 1472 1683 cod.

281 1705 370 1738 Goth.
383 1706 469 1738 Jahn.
490 1707 573 1739 dedit
595 1719 652 1749 ac,
675 1720 771 1753 quum
784 1720 819 1741 ex
831 1720 864 1741 eo
876 1708 939 1741 cod.
958 1719 1060 1740 versus
1079 1708 1137 1739 iste
1155 1719 1276 1752 prorsus
1296 1707 1475 1739 dissentiens

281 1774 299 1794 a
321 1762 446 1806 vulgata
468 1762 598 1795 lectione
620 1762 782 1796 exhibetur
804 1777 821 1797 a
843 1764 978 1796 Passovio
997 1770 1029 1796 et
1047 1763 1230 1795 Heinrichio.
1251 1763 1341 1807 Apud
1360 1765 1473 1794 Passov.

280 1822 385 1847 autem
407 1828 473 1858 pag.
498 1820 571 1848 251.
595 1818 637 1848 sic
659 1818 795 1859 legitur:
842 1820 945 1848 »Nam
967 1820 1080 1848 Romae
1102 1824 1147 1848 est
1169 1818 1303 1859 aliquis?
1327 1828 1398 1846 non.
1421 1815 1473 1846 sed

280 1869 305 1900 si
328 1868 370 1900 fas
392 1869 498 1900 dicere.
521 1869 572 1900 sed
593 1869 667 1900 fas.''
691 1868 727 1900 cf.
750 1869 876 1900 Teuffel.
908 1870 985 1914 qui,
1016 1870 1050 1900 in
1079 1880 1157 1900 cens.
1181 1870 1203 1900 l.
1231 1881 1298 1913 pag.
1326 1872 1407 1909 778,
1437 1880 1472 1900 ex

280 1923 336 1954 hoc
357 1923 421 1955 cod.
452 1923 617 1955 secundum
640 1923 732 1955 Blum
756 1924 860 1965 (Plum
870 1926 900 1966 '?)
929 1923 1018 1955 affert
1047 1935 1121 1955 ozon.
1144 1924 1194 1955 At.
1239 1926 1379 1956 Ceterum
1401 1924 1471 1964 Ah,

280 1988 356 2021 quae
378 1977 467 2008 lectio
489 1978 582 2009 etiam
605 1977 784 2009 Casaubono.
807 1978 830 2009 l.
853 1978 875 2009 l.
899 1978 1048 2021 placebat,
1066 1977 1181 2009 habent
1203 1978 1342 2019 Farnab.⁷
1366 1978 1471 2018 Bond.‚

280 2032 381 2072 Reiz„
414 2032 561 2075 Koenig.‚
595 2032 710 2073 Orell.‚
745 2031 893 2064 Weberus
924 2039 1052 2077 uterque
1065 2057 1075 2074 ,
1098 2033 1236 2065 Rittcrus
1258 2034 1292 2065 in
1314 2033 1426 2077 disput.
1450 2033 1472 2064 l.

281 2098 348 2130 pag.
373 2093 407 2121 11
434 2093 465 2118 et
488 2089 529 2118 32
565 2098 597 2117 n.
619 2089 660 2118 35
696 2092 727 2118 et
758 2088 949 2120 commendat
978 2088 1100 2119 Preller.
1132 2099 1210 2119 cens.
1244 2088 1267 2118 l.
1289 2100 1356 2131 pag.
1381 2090 1473 2119 1146.

281 2143 315 2173 E.
340 2143 375 2172 G.
395 2140 541 2173 Weberus
574 2146 677 2172 tamen
702 2152 737 2173 ex
760 2141 853 2173 Orell.
875 2141 965 2174 affert
987 2149 1039 2182 at,
1066 2153 1130 2185 pag.
1154 2144 1218 2182 293
1255 2153 1327 2173 usus
1349 2147 1394 2173 est
1416 2142 1474 2173 ita-

281 2207 341 2240 que
363 2195 463 2240 prima
484 2196 576 2236 edit.;
610 2207 664 2240 ego
686 2196 719 2228 in
741 2196 838 2229 altera
860 2196 903 2228 ah
924 2196 1045 2239 reperi,
1067 2196 1148 2240 quod
1170 2202 1202 2228 et
1223 2196 1331 2240 legisse
1352 2195 1473 2227 videtur

281 2250 359 2281 alter
380 2250 537 2282 Weberus.

326 2304 354 2345 ³)
398 2305 548 2335 Fecerunt
570 2304 627 2337 hoe
660 2304 781 2338 Casaub.
797 2330 806 2346 ‚
835 2304 935 2336 Plum.
960 2303 1023 2346 (eff.
1055 2306 1155 2336 Herm.
1184 2306 1278 2334 Lectt.
1302 2305 1393 2334 Perss.
1418 2304 1448 2334 ΙΙ
1462 2328 1471 2343 ‚

281 2361 344 2399 10,
366 2363 397 2389 et
419 2357 516 2389 Teuff.
540 2370 607 2402 pag.
643 2362 724 2401 95),
747 2359 896 2392 Duebner.
926 2357 976 2401 (cf.
1011 2361 1113 2391 Herm.
1145 2357 1167 2389 l.
1191 2357 1251 2400 l.)‚
1275 2357 1379 2389 Heinr.
1403 2369 1471 2401 pag.

283 2414 346 2452 78,
368 2413 406 2445 cl.
431 2415 516 2453 1143
539 2414 601 2457 ipse
633 2414 735 2445 Herm.
770 2412 792 2444 1.
826 2413 849 2444 1.
873 2418 904 2445 et
926 2412 1016 2445 Prell.
1039 2412 1062 2444 1.
1085 2412 1108 2443 l.
1132 2412 1235 2446 Etiam
1263 2412 1416 2445 sticherus
1437 2412 1472 2443 in

281 2466 361 2499 libro
383 2479 453 2501 mox
474 2467 556 2501 laud.

327 2521 356 2563 ι)
401 2523 491 2565 Apud
513 2522 638 2556 Teuffel.
662 2535 691 2566 p.
716 2525 767 2555 95.
