1857 3113
893 276 941 313 62

327 390 506 436 quartum
535 389 573 419 et
615 382 794 433 quintum
834 380 972 435 pedem
1004 382 1126 422 decies
1164 383 1297 436 septies
1325 383 1364 421 in
1392 382 1519 422 Satiris

326 456 516 499 admittit,
551 462 589 493 et
617 457 744 495 novies
775 457 807 506 1)
838 456 994 507 quidem
1025 456 1064 494 iu
1105 456 1177 494 hae
1205 458 1339 510 prima.
1398 456 1522 495 Simili

322 527 437 566 modo
465 527 643 566 Horatius
687 529 727 567 in
755 528 889 569 eadem
930 530 1016 569 sede
1053 530 1246 570 elisionem
1264 562 1274 578 ,
1318 532 1405 570 licet
1442 544 1521 569 non

324 611 403 642 tam
433 603 672 655 frequentem
702 618 817 655 quam
844 604 884 642 in
911 605 1100 658 prioribus
1129 606 1188 645 vel
1220 614 1322 645 sexta
1350 607 1389 644 in
1417 605 1518 651 sede,

321 676 437 714 habet
465 677 516 726 2).
574 678 619 716 In
649 677 744 718 Satt.
776 688 904 718 autem
933 680 1030 718 libro
1058 680 1077 718 I
1094 710 1104 726 ,
1139 682 1176 726 1,
1209 679 1408 732 quinquies
1437 691 1520 716 eam

323 750 465 789 offendi
492 757 530 788 et
558 764 611 789 vs.
646 754 694 791 10
724 753 763 790 in
792 753 925 792 eadem
952 767 1042 792 voce
1070 754 1151 792 ubz‘.
1209 754 1344 805 Neque
1379 752 1521 790 maiore

322 825 405 864 iure
433 824 536 862 idem
564 823 804 865 Heinrichius
834 826 914 867 Sat.
944 827 1021 874 ΙΙΙ,
1053 830 1102 866 32
1132 828 1306 866 voculam
1329 832 1367 864 et
1397 825 1521 864 omisit

323 898 371 937 ob
391 899 581 936 duriorem
600 900 639 935 in
659 901 729 937 arsi
757 901 972 947 elisionem;
1006 902 1070 939 sed
1098 902 1173 939 iam
1202 902 1329 953 plures
1347 901 1520 951 interque

321 986 381 1010 eas
409 985 486 1009 non
515 971 640 1008 minus
682 973 795 1009 duras
837 974 908 1010 sibi
947 974 1104 1011 indulsit
1132 975 1278 1011 Persius
1306 974 1346 1009 in
1388 972 1520 1010 eadem

321 1046 432 1085 tertia
461 1053 498 1084 et
526 1045 565 1082 in
595 1045 675 1083 aliis
703 1045 880 1094 sedibus3
914 1048 966 1086 sic
1003 1061 1039 1086 v.
1072 1061 1106 1086 c.
1138 1048 1177 1086 in
1206 1047 1338 1087 eadem
1367 1046 1454 1086 sede
1482 1053 1521 1085 et

322 1120 455 1158 iisdem
485 1119 696 1164 vocalibus,
728 1119 807 1158 Sat.
834 1121 872 1166 I,
903 1123 975 1167 63;
1020 1121 1079 1167 ΙΙ,
1112 1125 1183 1168 33;
1228 1122 1283 1168 V,
1314 1123 1364 1159 96
1395 1122 1446 1171 3).
1466 1142 1520 1149 —

323 1194 452 1244 Quum
480 1202 609 1232 autem
625 1193 651 1231 ii
671 1194 737 1244 qui
764 1193 909 1233 habent
937 1202 1064 1233 cutem
1092 1194 1226 1234 duram
1253 1195 1379 1233 minus
1396 1194 1519 1233 subti-

321 1268 410 1306 liter
449 1281 507 1306 res
545 1266 707 1305 sentiant
751 1274 788 1305 et
826 1281 953 1307 sensus
990 1283 1188 1322 corporeus
1231 1269 1426 1307 commode
1471 1269 1520 1306 ad

321 1343 493 1380 animum
511 1341 704 1380 transferri
721 1341 858 1393 possit,
889 1341 927 1378 in
957 1355 1062 1394 seqq.
1092 1342 1206 1380 verba
1225 1348 1312 1380 cute
1322 1342 1518 1396 perditus

319 1419 551 1471 interpretor
567 1417 720 1469 proprie
749 1416 797 1454 de
828 1417 924 1454 cutis
954 1417 1210 1469 aegritudine,
1242 1430 1339 1469 quae
1368 1429 1412 1454 ex
1435 1428 1519 1453 cor-

318 1491 420 1546 poris
444 1491 637 1544 prurigine
667 1491 959 1543 vehementique
977 1491 1128 1543 strigilis
1151 1504 1223 1529 usu
1242 1491 1362 1529 oritur
1379 1497 1416 1528 et
1434 1503 1518 1527 cor-

318 1568 402 1621 pori
430 1567 528 1605 ealla
571 1566 753 1613 obducit,
784 1574 826 1605 ut
855 1566 1018 1605 ostendit
1046 1565 1154 1605 Suet.
1186 1566 1226 1604 in
1254 1566 1321 1605 vit.
1353 1566 1452 1618 Aug.
1480 1577 1515 1604 c.

320 1641 483 1688 LXXX3
528 1641 788 1694 metaphorice
821 1642 868 1680 de
902 1641 1039 1679 duritie
1076 1648 1114 1679 et
1156 1640 1291 1679 morali
1333 1640 1518 1692 pravitate

320 1716 427 1755 istius
458 1717 584 1753 vetuli
601 1746 611 1763 ,
656 1729 734 1768 qua
759 1716 898 1754 nimiae
939 1727 1133 1766 vanaeque
1164 1713 1284 1753 laudis
1313 1726 1334 1751 a
1376 1712 1516 1752 nullius

361 1903 389 1942 1)
435 1903 497 1932 Vss.
522 1899 564 1940 2‘‚
588 1902 629 1939 6,
653 1902 714 1939 13,
738 1902 801 1939 21,
824 1900 886 1939 27,
910 1902 974 1939 48,
1001 1901 1058 1938 74,
1083 1901 1126 1931 92
1149 1904 1181 1930 et
1204 1900 1278 1930 120.

360 1955 389 1996 ²)
434 1954 501 1986 Vid.
536 1955 666 1985 Duentz.
700 1954 782 1985 Krit.
818 1965 849 1984 u.
873 1952 960 1984 Erkl.
983 1953 1012 1984 d.
1036 1952 1125 1985 horaz
1149 1952 1241 1983 Gedd.
1264 1951 1330 1984 Vol.
1353 1954 1414 1991 lv,
1447 1962 1515 1995 pag.

317 2011 379 2049 48,
414 2008 471 2040 ubi
505 2009 630 2040 omnino
663 2008 700 2040 de
730 2008 847 2039 Horatii
887 2007 1069 2040 hexametris
1100 2006 1297 2039 conferendus
1326 2012 1372 2039 est
1385 2031 1394 2047 ‚
1425 2017 1515 2050 pagg.

318 2064 458 2094 43—52.
504 2063 546 2093 De
568 2062 662 2093 Persii
685 2061 821 2093 versibus
843 2062 990 2104 quaedam
1020 2062 1168 2104 congessit
1190 2061 1228 2092 ad
1260 2062 1322 2092 Sat.
1354 2062 1395 2092 VI
1424 2062 1516 2092 Sum-

316 2127 393 2149 mar.
417 2128 485 2160 pag.
511 2117 581 2157 71.;
604 2115 641 2148 cf.
665 2117 758 2149 etiam
782 2115 909 2148 Teuffel.
934 2126 1001 2159 pag.
1025 2117 1077 2146 46.

362 2171 391 2212 ³)
437 2173 474 2202 In
497 2171 565 2203 aliis
587 2172 707 2204 sedibus
730 2175 793 2205 Sat.
816 2174 866 2213 11,
890 2172 942 2201 13.
967 2172 1022 2209 613
1045 2172 1104 2209 lv,
1135 2171 1188 2200 23.
1212 2170 1273 2208 383
1296 2171 1340 2208 V,
1363 2170 1416 2200 57.
1440 2170 1515 2200 115.

315 2228 391 2265 1613
415 2227 474 2266 VI⁷
499 2228 549 2257 16.
574 2229 625 2258 48.
649 2231 700 2259 5¹.
727 2229 777 2259 74.
831 2226 918 2268 Quod
941 2230 1046 2256 autem
1076 2223 1200 2255 Iahnius
1222 2223 1455 2264 animadvertit,
1478 2223 1516 2255 ad

313 2282 374 2313 Sat.
398 2283 459 2322 lv,
485 2283 535 2321 14,
559 2293 626 2325 pag.
652 2284 734 2323 169,
757 2282 856 2314 tribus
879 2286 998 2325 praeter
1032 2279 1116 2310 hunc
1138 2284 1264 2310 tantum
1286 2277 1358 2311 locis
1382 2281 1429 2321 (Ι,
1461 2280 1514 2310 66.

314 2340 374 2370 131
411 2341 443 2367 et
473 2338 521 2377 11,
556 2338 590 2378 8)
626 2337 762 2369 Persium
796 2336 931 2368 similem
965 2335 1069 2367 minus
1091 2334 1262 2378 elegantem
1285 2333 1440 2366 elisionem
1463 2332 1515 2365 ad-

313 2391 457 2430 mittere,
486 2403 607 2434 prorsus
640 2391 731 2422 aliter
754 2392 896 2434 reperisse
927 2390 1006 2421 mihi
1035 2390 1146 2421 videor.
1196 2391 1308 2431 Nempe
1330 2388 1364 2419 in
1386 2387 1515 2419 secunda

314 2443 435 2488 syllaba
457 2444 591 2488 dactyli,
615 2451 646 2476 et
668 2445 795 2489 quidem
817 2446 928 2489 passim
951 2446 985 2477 in
1017 2443 1234 2489 monosyllabis
1247 2467 1256 2483 ‚
1287 2442 1445 2473 elisionem
1467 2451 1513 2473 re-

311 2499 379 2543 peri
401 2499 436 2529 in
458 2500 520 2529 Sat.
544 2500 577 2537 I,
604 2502 652 2532 14.
677 2502 730 2530 26.
755 2502 807 2531 32.
836 2503 889 2531 34.
914 2503 966 2533 46.
990 2504 1041 2532 51.
1067 2503 1117 2532 71.
1141 2502 1194 2531 98.
1220 2500 1291 2529 110.
1308 2498 1513 2537 125;II‚12.

314 2556 365 2586 42.
393 2555 453 2594 '⁷33
476 2555 521 2594 v,
545 2555 598 2584 23.
625 2555 676 2584 33.
701 2555 752 2584 34.
778 2556 829 2585 33.
855 2556 907 2586 41.
930 2557 980 2586 43.
1005 2556 1067 2592 65;
1090 2554 1149 2592 vr,
1175 2554 1225 2583 32.
