1857 3113
899 271 920 305 5

312 376 343 413 is
371 378 548 428 antiquae
576 381 725 412 tantum
753 372 862 411 Vitae
891 373 1072 411 lectiones
1101 387 1122 410 a
1151 373 1370 411 Burmanno
1400 384 1505 410 acce-

312 451 425 502 perit,
456 463 502 488 an
532 446 741 487 Satirarum
764 447 898 493 etiam,
922 455 959 486 et
987 461 1033 486 an
1063 447 1107 487 iis
1126 433 1223 485 'usus
1251 446 1313 493 sit,
1343 445 1381 485 id
1399 444 1507 483 inda-

311 537 399 575 gare
418 536 493 560 non
521 523 644 575 potui.
692 521 838 560 Deinde
858 520 1150 574 Oudendorpius
1170 521 1216 559 ad
1234 522 1361 558 Vitam
1391 521 1507 559 Persii

312 597 351 635 in
379 596 469 635 edit.
515 595 620 635 Suet.
640 611 680 649 p.
715 598 814 634 1001
848 595 967 642 dicit,
1014 610 1052 634 se
1080 596 1119 634 in
1148 610 1192 633 ea
1221 595 1367 633 edenda
1395 608 1506 633 usum

313 683 391 707 esse
410 669 557 708 duobus
586 670 839 708 vetustissimis
865 670 979 708 Persii
1005 669 1233 707 membranis
1262 682 1423 721 quarum
1453 669 1509 706 al-

313 752 414 783 terae
442 757 529 782 cum
554 753 740 798 perpetuo
758 775 769 791 ‚
799 752 841 783 ut
870 745 1004 790 fertur,
1036 742 1318 782 Commentario
1350 742 1511 781 Cornuti

313 832 334 856 e
362 819 467 857 libris
497 820 673 857 Vulcanii
700 827 823 858 emtae
854 828 1120 857 recenseantur
1148 820 1188 857 in
1217 819 1387 871 catalogo
1418 832 1505 872 pag.

312 896 406 940 328,
432 908 471 933 n.
505 896 568 934 78.
602 894 683 943 Qua
707 894 754 932 de
782 907 823 932 re
844 893 940 932 nihil
956 894 1108 947 quidem
1139 901 1296 932 constat.
1327 893 1372 931 In
1401 893 1506 931 libris

312 968 413 1006 enim
442 967 528 1006 Mss.
561 968 737 1005 Vulcanii
754 997 764 1014 ‚
796 969 862 1019 qui
890 981 988 1005 anno
1011 970 1111 1005 1615
1141 969 1188 1005 ab
1218 969 1296 1005 eius
1324 969 1439 1005 fratre
1468 968 1507 1005 in

313 1040 565 1081 bibliothecae
597 1041 713 1081 Aead.
742 1041 786 1080 L.
817 1041 862 1080 Β.
895 1040 1139 1079 commodum
1167 1041 1259 1079 emti
1287 1048 1396 1087 sunt,
1423 1041 1508 1093 qui-

312 1129 388 1167 que
426 1117 465 1154 in
494 1117 661 1167 catalogo
690 1116 778 1154 Mss.
809 1129 907 1153 anno
939 1117 1040 1153 1716
1070 1117 1247 1168 impresso
1294 1128 1506 1152 memoran-

312 1196 401 1235 tur,
444 1190 556 1227 huius
600 1190 736 1228 codicis
764 1188 871 1226 nulla
899 1196 1017 1227 exstat
1044 1189 1201 1227 mentio.
1260 1187 1393 1239 Neque
1432 1187 1511 1225 ulla

312 1262 457 1300 ratione
499 1264 702 1315 excogitari
744 1269 869 1315 potest
914 1261 1017 1300 unde
1063 1261 1354 1315 Oudendorpius
1399 1262 1511 1300 huius

312 1337 366 1374 rei
404 1337 571 1389 aliquam
597 1338 788 1377 habuisset
833 1338 1021 1377 notitiam.
1094 1336 1142 1375 Et
1189 1336 1248 1375 vel
1289 1336 1341 1374 sic
1382 1344 1507 1375 tamen

312 1411 414 1464 quod
442 1412 665 1451 Bouhierius
697 1413 729 1462 ι)
761 1413 852 1450 olim
893 1412 1101 1464 suspicatus
1129 1419 1236 1456 erat,
1281 1410 1507 1448 Oudendor-

309 1486 393 1539 pius
421 1487 556 1526 deinde
586 1495 750 1534 temere,
781 1494 825 1525 ut
853 1486 1025 1532 videtur,
1070 1484 1289 1532 affirmavit,
1319 1493 1358 1524 et
1385 1498 1509 1539 nuper

311 1560 465 1599 Iahnius
494 1561 528 1613 2)
556 1561 680 1600 denuo
709 1561 895 1606 coniecit,
926 1560 964 1597 id
985 1573 1111 1597 revera
1132 1560 1183 1597 ita
1204 1574 1241 1598 se
1269 1561 1409 1599 habere
1438 1575 1508 1614 pro

312 1644 414 1674 certo
444 1637 630 1675 affirmare
658 1650 718 1675 me
736 1650 844 1689 posse
873 1635 1009 1674 credo:
1042 1648 1179 1688 nempe
1209 1636 1378 1674 codicem
1410 1636 1511 1675 hunc

311 1709 534 1748 Leidensem
576 1710 740 1748 eundem
769 1723 846 1748 esse
876 1717 991 1762 atque
1029 1709 1336 1757 Vulcanianum3
1378 1718 1419 1747 ut
1448 1723 1510 1747 ve-

312 1785 475 1823 rosimile
518 1786 564 1823 sit
606 1799 693 1823 eum
736 1799 756 1822 a
785 1785 975 1837 superiore
1017 1785 1172 1824 demum
1210 1793 1351 1823 emtore
1378 1792 1508 1836 postea

311 1859 511 1911 separatim
541 1858 588 1896 ad
615 1858 885 1896 bibliothecam
923 1859 1031 1896 Leid.
1060 1859 1275 1911 pervenisse
1293 1887 1303 1904 ‚
1334 1859 1372 1895 in
1402 1858 1508 1895 cuius

311 1932 497 1971 tabulario
525 1932 571 1970 de
601 1945 644 1969 ea
673 1946 713 1970 re
739 1932 853 1985 plane
882 1932 1027 1971 siletur.
1051 1955 1105 1961 —
1124 1933 1157 1971 Α
1190 1932 1323 1971 Iahnio
1355 1934 1388 1984 3)
1421 1947 1508 1971 vero

311 2007 491 2054 edoctus,
522 2006 707 2045 Merulam
735 2006 781 2044 ad
814 2007 925 2045 Ennii
960 2008 1138 2061 fragmm.
1169 2022 1207 2060 p.
1241 2009 1290 2046 67
1322 2022 1365 2047 ex
1396 2009 1507 2047 locu-

310 2083 470 2136 pletiore
499 2084 642 2121 Bonav.
674 2082 851 2119 Vulcanii
879 2082 1006 2120 codice
1029 2082 1187 2121 Cornuti
1206 2084 1390 2135 quaedam
1421 2099 1508 2137 pro-

310 2157 407 2195 ferre
436 2171 533 2210 quae
574 2157 654 2210 ipse
681 2156 835 2195 Iahnius
870 2169 946 2194 non
985 2156 1134 2195 vidisset
1172 2165 1208 2195 et
1255 2172 1416 2210 quorum
1458 2159 1503 2195 fi-

311 2230 397 2269 dem
438 2238 647 2284 suspectam
689 2230 874 2277 haberet,
918 2231 997 2283 ipse
1028 2244 1115 2270 eum
1153 2231 1295 2269 librum
1325 2232 1445 2270 evolvi
1473 2240 1509 2270 et

357 2375 385 2417 ¹)
429 2377 467 2407 In
489 2373 682 2406 Schelhornii
703 2385 792 2417 opere
813 2374 902 2406 modo
924 2374 947 2405 1.
971 2376 1004 2405 Τ.
1029 2376 1076 2415 Χ,
1098 2386 1165 2419 pag.
1191 2379 1287 2408 1136.

311 2467 313 2469 Ι
355 2428 385 2470 ²)
431 2431 469 2460 In
491 2428 564 2461 edit.
588 2430 666 2460 Pers.
690 2427 724 2459 in
746 2427 882 2472 Prolegg.
905 2439 974 2472 pag.
997 2429 1138 2470 CLXIII,
1161 2441 1193 2461 n.
1217 2433 1249 2462 1.

355 2482 384 2524 8)
429 2485 461 2514 L.
484 2483 506 2515 1.
538 2496 606 2529 pag.
641 2485 764 2524 CLXII3
795 2482 832 2515 cf.
863 2483 958 2517 etiam
981 2485 1094 2517 Passov.
1118 2484 1153 2516 in
1183 2484 1257 2517 edit.
1290 2487 1368 2518 Pers.
1394 2486 1451 2518 vol.
1476 2489 1489 2518 1
1497 2511 1506 2527 ‚

249 2579 251 2581 v
312 2549 381 2581 pag.
405 2539 480 2570 142.
