1857 3113
914 286 962 323 46

337 390 535 428 Praeterea
562 389 773 426 interiectio
793 402 876 442 pro
909 391 942 441 1)
973 403 1051 428 non
1084 389 1177 428 adeo
1205 389 1381 442 frequens
1409 399 1464 429 est
1492 391 1531 430 in

338 462 524 501 veteribus
539 462 707 514 scriptis,
739 471 783 501 ut
801 471 945 501 temere
971 477 1055 501 eam
1076 463 1116 501 h.
1139 463 1165 502 l.
1183 464 1440 510 intrudamuS,
1465 463 1532 502 ubi

336 535 383 573 ad
417 535 578 573 ironiam
615 537 729 589 plane
763 550 1040 590 supervacuum
1070 545 1124 575 est
1162 551 1233 575 nec
1267 538 1441 576 orationis
1475 544 1533 575 te-

336 611 422 648 nori
449 611 688 648 conveniens.
737 611 867 649 Unum
896 625 984 649 vero
1014 612 1184 650 codicem
1214 613 1417 650 lectionem
1445 625 1466 647 a
1495 623 1534 648 se

335 685 526 737 prolatam
569 683 852 734 quodammodo
895 684 1119 722 confirmare
1162 686 1281 723 videri
1309 686 1399 722 dicit
1427 685 1533 721 Hau-

336 748 473 786 thalius
492 748 550 798 2),
580 760 717 798 nempe
740 747 909 784 codicem
940 747 1182 794 Leidensem,
1213 749 1251 785 in
1281 761 1356 799 quo
1375 747 1531 800 pollui,

337 821 439 873 quod
467 835 510 859 ex
539 834 583 859 eo
610 822 770 872 protulit
799 821 1040 859 Hermannus
1060 822 1119 871 3),
1160 822 1314 860 fortasse
1344 822 1395 859 sic
1437 820 1534 858 scri-

333 904 444 949 ptum
473 909 563 933 esse:
587 895 677 947 pol.
709 895 770 931 luz*
788 894 933 947 velpol
960 895 1038 940 lui,
1072 902 1112 932 ut
1131 897 1210 948 pol
1227 897 1272 934 sit
1293 896 1412 948 glossa
1434 907 1533 946 quae

334 970 417 1007 loco
446 970 631 1021 genuinae
660 969 831 1006 lectionis
850 981 933 1019 pro
963 969 1001 1004 in
1032 975 1176 1006 textum
1205 970 1410 1021 irrepserit.
1458 967 1533 1006 Sed

335 1042 434 1081 hanc
463 1043 532 1080 viri
560 1042 786 1094 sagacissimi
815 1040 1033 1094 opinionem
1063 1041 1193 1079 falsam
1222 1057 1299 1081 esse
1316 1056 1402 1081 mox
1428 1054 1531 1080 com-

331 1116 415 1168 peri
443 1116 612 1166 inspecto
641 1116 722 1166 ipso
752 1115 880 1151 codice
909 1113 1097 1160 Leidensi,
1123 1116 1160 1152 in
1182 1130 1256 1167 quo
1286 1117 1398 1154 etiam
1427 1128 1533 1152 com-

333 1196 508 1227 mentum
536 1190 575 1227 in
615 1189 793 1227 lemmate
818 1188 951 1242 pollui
991 1187 1108 1227 habet
1137 1189 1188 1241 4).
1253 1189 1396 1227 Verum
1431 1188 1533 1226 enim

334 1276 423 1303 vero
454 1264 484 1299 si
511 1263 549 1299 in
577 1263 708 1314 primis
738 1262 895 1299 alicuius
924 1261 1011 1298 libri
1040 1263 1161 1299 verbis
1191 1263 1395 1300 scribendis
1419 1262 1532 1298 nimis

334 1338 437 1377 cauti
463 1350 540 1376 esse
570 1336 693 1375 solent
721 1335 892 1382 librarii,
933 1343 976 1374 ut
1004 1336 1093 1375 dicit
1122 1335 1349 1375 Hauthalius
1366 1364 1376 1381 ‚
1418 1347 1533 1386 quam

334 1419 377 1449 ut
405 1411 517 1448 facile
546 1424 712 1447 errorem
748 1410 1013 1455 committant,
1049 1412 1333 1463 quomodo-pro
1362 1422 1448 1446 vera
1476 1409 1532 1446 le-

331 1485 457 1524 ctione
498 1484 619 1537 glossa
659 1484 698 1522 in
739 1491 882 1522 textum
924 1484 1054 1522 venit?
1114 1484 1232 1537 Atqui
1260 1485 1290 1522 si
1325 1484 1364 1521 in
1397 1481 1532 1521 codicis

332 1559 522 1598 Leidensis
564 1558 750 1611 scriptura
789 1558 953 1609 genuina
981 1559 1115 1597 lateret
1144 1560 1279 1604 lectio,
1322 1564 1387 1595 aut
1416 1556 1532 1594 codex

331 1634 399 1671 iste
426 1634 569 1671 maiore
610 1632 686 1670 fide
727 1632 936 1684 descriptus
976 1634 1035 1671 vel
1074 1634 1232 1672 collatus
1269 1645 1346 1669 esse
1373 1630 1529 1668 deberet

333 1719 449 1758 quam
479 1696 616 1743 omnes?
638 1705 802 1756 reliqui,
833 1706 936 1756 quod
965 1706 1003 1742 in
1032 1713 1138 1743 tanto
1168 1705 1341 1742 codicum
1370 1704 1528 1740 collato-

332 1794 418 1818 rum
446 1793 606 1817 numero
637 1779 695 1816 vix
724 1778 983 1825 credendum3
1017 1787 1082 1817 aut
1111 1778 1157 1817 ad
1178 1778 1280 1816 aliud
1299 1778 1531 1830 archetypon

374 1905 402 1945 ¹)
448 1904 537 1945 Quod
559 1903 777 1936 animadvertit
802 1903 946 1936 Hauthal.
970 1902 991 1935 l.
1005 1902 1026 1934 l.
1040 1914 1107 1947 pag.
1121 1905 1204 1944 635,
1227 1902 1267 1935 de
1277 1902 1427 1946 scriptura
1438 1899 1531 1933 huius

328 1958 569 1997 interiectionis,
592 1970 691 2001 quae,
715 1971 749 1990 eo
771 1959 892 1998 iudice,
922 1959 956 1990 in
979 1959 1062 1990 codd.
1087 1965 1158 1989 ante
1180 1970 1236 1990 sec.
1259 1959 1302 1989 XI
1324 1956 1445 1999 scriptis
1466 1955 1531 1987 sine

328 2010 530 2054 adspiratione
553 2011 688 2053 legitur,
712 2012 914 2043 confirmatur
935 2013 1046 2044 nostris
1068 2012 1151 2044 codd.
1175 2011 1256 2044 Leid.
1279 2017 1311 2043 et
1333 2013 1414 2043 Voss.
1440 2014 1466 2042 1.

375 2067 404 2105 ²)
450 2067 481 2095 L.
506 2065 528 2094 l.
552 2076 620 2107 pag.
645 2067 732 2104 636,
757 2065 790 2095 in
813 2071 894 2095 nota.

375 2117 403 2159 ³)
449 2119 486 2148 In
510 2117 626 2161 disput.
651 2118 766 2149 contin.
789 2118 973 2150 Varietatem
995 2118 1146 2151 Lectionis
1167 2117 1343 2157 Persianae,
1366 2126 1458 2160 quam
1468 2120 1529 2148 ter-

328 2173 405 2203 tiam
428 2173 569 2204 adiunxit
591 2171 709 2203 duabus
732 2172 822 2213 aliis⁷
854 2173 891 2203 dc
915 2186 932 2203 ›>
945 2184 1003 2204 usu
1026 2179 1058 2204 et
1080 2173 1262 2204 auctoritate
1282 2171 1473 2203 Scholiorum
1495 2170 1530 2201 in

326 2226 421 2257 Persii
433 2226 540 2257 Satiris
551 2226 765 2257 emendandis’'
790 2227 982 2258 coniunctim
1004 2227 1094 2258 editis
1117 2225 1174 2257 sub
1189 2226 1262 2257 tit-t
1287 2227 1440 2258 Lectiones
1462 2227 1528 2257 Per-

327 2280 449 2321 sianae,
474 2279 627 2324 Marburg.
652 2287 683 2312 et
706 2282 785 2325 Lips.
810 2284 918 2321 1842,
943 2294 1010 2325 pag.
1035 2284 1066 2313 2.

371 2336 400 2377 ⁴)
446 2334 488 2366 cf.
513 2337 616 2366 Herm.
640 2338 736 2366 Lectt.
761 2337 852 2366 Perss.
876 2338 910 2376 I,
946 2339 1012 2375 23,
1035 2347 1066 2367 n.
1091 2338 1153 2376 45,
1177 2337 1230 2380 qui
1253 2347 1315 2367 non
1337 2335 1528 2368 animadver-

325 2388 399 2420 tisse
432 2389 553 2420 videtur
586 2389 620 2420 in
654 2389 718 2422 cod.
753 2390 834 2422 Leid.
866 2396 1078 2423 commentum
1108 2391 1193 2435 prius
1222 2402 1317 2435 quam
1339 2390 1404 2432 ipsa
1425 2393 1530 2431 poetae

325 2443 416 2475 verba
450 2444 657 2487 conscriptum
690 2456 771 2485 esse,
804 2457 897 2489 quare
930 2445 1074 2478 librarius
1106 2446 1179 2477 haec
1214 2444 1392 2476 deformasse
1424 2442 1528 2485 potuit

324 2497 362 2529 ad
385 2498 552 2529 commenti
573 2503 629 2530 aut
651 2498 835 2530 lemmatum
857 2499 955 2531 verba.
1001 2500 1058 2531 Cff.
1081 2510 1159 2542 quae
1180 2499 1218 2530 de
1239 2498 1271 2529 h.
1307 2497 1370 2529 cod.
1393 2496 1527 2529 diximus

324 2562 392 2596 pag.
417 2553 448 2584 8.
