1857 3113
941 258 991 294 68

366 361 536 401 Primum
587 378 656 416 pro
710 365 879 402 omnium
929 363 1117 403 editorum
1172 365 1332 403 lectione
1379 368 1440 402 vis
1495 365 1561 403 di-

365 448 452 471 cam
494 436 639 474 mavult
687 441 751 474 ius
793 438 924 474 dicam
945 467 954 483 ,
1000 439 1077 475 sine
1122 439 1426 490 interrogatione.
1503 439 1561 476 Ad

364 522 478 560 quam
498 512 748 550 mutationem
769 511 950 550 tuendam
971 513 1040 550 tria
1060 513 1166 551 affert
1194 520 1431 565 argumenta,
1463 525 1559 564 quo-

362 596 445 621 rum
490 586 682 632 secundo,
727 586 846 638 petito
888 600 931 623 ex
975 588 1119 625 ratione
1151 587 1462 640 palaeographica
1495 587 1557 637 1),

361 658 450 708 quia
485 673 556 711 pro
597 668 756 711 utraque
796 661 958 698 lectione
996 675 1115 712 aeque
1162 663 1250 699 facit
1272 691 1282 707 ,
1319 662 1560 713 supersedere

360 745 577 783 possumus;
611 734 658 771 de
686 733 835 771 duobus
864 735 1018 785 reliquis
1048 736 1253 773 videamus.
1311 735 1457 773 Horum
1488 749 1558 788 po-

362 813 544 844 stremum
584 808 747 860 positum
790 817 844 847 est
879 810 916 847 in
947 810 1167 848 scholiastae
1202 809 1326 848 verbis
1360 810 1406 848 ad
1435 809 1474 848 h.
1507 810 1554 848 l.:

363 893 387 915 »
405 887 442 916 et
472 881 571 917 dices
606 882 699 918 mihi
745 890 780 919 te
809 883 991 934 cupidum
1022 897 1099 920 esse
1131 884 1277 920 z'udc'cc'z'
1304 886 1382 920 mei
1409 885 1458 921 de
1488 890 1558 922 tua

358 956 596 1007 scriptura,
645 964 774 995 utrum
818 957 1006 1009 scripseris
1049 956 1144 993 bene
1189 958 1477 1009 an·ma1e‚2)''
1521 966 1559 997 et

1387 1031 1395 1046 Ἴ

359 1043 383 1065 >>
400 1028 455 1066 Ta
485 1042 619 1066 verum
649 1044 815 1068 examen
844 1031 891 1069 ab
921 1031 965 1068 iis
1001 1030 1128 1068 audire
1164 1030 1380 1070 desideras.'
1455 1033 1558 1071 Haec

357 1112 500 1150 tamen,
532 1105 561 1142 si
589 1106 682 1157 quid
713 1107 837 1152 video,
869 1106 988 1158 magis
1007 1104 1114 1142 alteri
1135 1104 1289 1143 lectioni
1308 1107 1447 1145 favent.
1484 1106 1556 1144 Iu-

356 1178 506 1215 dicium
548 1180 650 1217 enim
692 1195 735 1218 eo
774 1181 857 1218 loco
886 1194 963 1217 non
992 1187 1047 1216 est
1083 1178 1240 1216 verbum
1284 1180 1451 1225 forense,
1494 1180 1557 1218 sed

356 1252 452 1290 nihil
482 1253 584 1291 aliud
612 1255 796 1306 significat
827 1268 942 1306 quam
974 1254 1173 1299 sententia,
1205 1254 1444 1300 existimatio,
1476 1255 1557 1307 opi·-

354 1326 434 1374 nio3
468 1327 519 1364 ita
549 1328 662 1366 etiam
694 1342 873 1374 examen,
905 1327 1024 1380 quod,
1050 1327 1201 1379 proprie
1221 1327 1268 1364 de
1287 1327 1416 1379 lingua
1434 1328 1557 1366 bilan-

355 1401 405 1437 cis
434 1401 600 1447 dietum,
632 1403 889 1454 metaphorice
918 1416 987 1454 pro
1017 1402 1176 1447 iudicio,
1207 1415 1368 1439 censura
1387 1386 1554 1453 ponitur.

354 1474 465 1512 Vidd.
498 1476 612 1527 ipsius
643 1475 876 1515 Scholiastae
898 1476 1009 1515 rerba
1030 1476 1075 1513 ad
1097 1482 1244 1512 nostrae
1270 1474 1412 1513 Satirae
1441 1488 1491 1513 vs.
1515 1477 1553 1512 6:

355 1549 629 1588 »Examenve
659 1552 898 1604 improbum,
936 1552 1190 1598 ἀλληγορικῶς
1222 1550 1332 1596 dicit,
1368 1550 1440 1588 hoc
1477 1557 1553 1597 est,

353 1639 428 1663 non
458 1626 595 1664 debere
625 1627 755 1678 quaeri
786 1627 968 1664 iudicium
997 1627 1035 1663 in
1067 1625 1212 1678 vulgari
1239 1625 1400 1672 iudicio,
1434 1639 1555 1677 quum

353 1700 393 1736 in
423 1713 466 1736 eo
509 1701 677 1750 aequitas
721 1714 797 1738 non
840 1700 938 1746 sit‚''
985 1707 1021 1736 et
1057 1700 1157 1736 idem
1200 1698 1327 1736 Schol.
1372 1686 1419 1736 ad
1448 1712 1483 1737 v.
1516 1701 1553 1736 7.

353 1772 472 1810 Paulo
500 1756 652 1811 maioris
682 1773 831 1810 videtur
859 1773 1040 1810 momenti
1080 1772 1182 1823 quod
1212 1756 1379 1824 primum
1415 1771 1557 1824 profert

353 1855 644 1899 argumentum,
690 1847 792 1898 quod
823 1847 966 1884 scilicet
1000 1860 1069 1898 pro
1102 1846 1278 1883 familiari
1319 1848 1382 1883 vis
1423 1844 1555 1882 dicam

351 1929 463 1973 poeta
488 1951 498 1966 ,
546 1921 613 1959 ubi
642 1922 729 1960 artis
772 1921 934 1959 iudicem
964 1920 1067 1973 agit,
1101 1920 1232 1958 fortius
1260 1927 1298 1957 et
1326 1920 1379 1958 rei
1407 1933 1555 1958 accom-

399 2058 425 2097 ¹)
470 2056 623 2087 Similiter
648 2059 749 2087 Herm.
775 2057 883 2096 (Lectt.
907 2057 999 2086 Perss.
1025 2057 1074 2095 11,
1100 2057 1152 2096 17)
1166 2055 1285 2086 invenit
1298 2055 1330 2086 in
1343 2054 1426 2086 codd.
1440 2053 1554 2086 Guelff.

351 2111 412 2140 Sat.
426 2112 451 2148 1,
475 2112 509 2141 61
541 2112 591 2140 vis
611 2118 671 2149 est,
697 2109 744 2140 vel
768 2110 879 2152 potius,
905 2115 940 2139 ut
963 2109 1049 2148 dicit,
1063 2112 1130 2149 jus
1153 2117 1214 2148 est,
1238 2109 1378 2152 equibus
1389 2109 1472 2139 codzl.
1488 2109 1554 2139 lah-

351 2163 422 2194 nius
446 2162 559 2206 profert
583 2166 633 2194 vz‘s
657 2172 717 2204 est,
738 2163 848 2194 addens
871 2163 904 2193 in
929 2164 969 2193 W
989 2169 1012 2193 1.
1037 2164 1155 2203 (Herm.
1171 2165 1216 2202 B.)
1242 2163 1481 2205 suprascriptum
1495 2173 1555 2194 esse

346 2216 428 2260 fas,
453 2217 533 2260 quod
566 2219 667 2249 Herm.
692 2217 816 2257 omisit3
850 2215 887 2248 cf.
911 2216 1006 2248 etiam
1029 2218 1108 2248 Cort.
1137 2216 1174 2247 ad
1198 2219 1267 2247 Luc.
1292 2219 1328 2256 1,
1354 2219 1439 2256 360,
1464 2228 1555 2260 quem

351 2272 440 2304 affert
470 2274 573 2304 Herm.
596 2272 617 2303 l.
644 2272 664 2303 l.
689 2272 722 2302 in
746 2278 817 2303 nota
841 2274 893 2302 26.
919 2271 1006 2311 Quod
1030 2271 1063 2301 in
1087 2272 1198 2302 nostris
1221 2271 1300 2302 Leid.
1324 2277 1355 2302 et
1376 2271 1467 2302 Periz.
1492 2273 1553 2303 Sat.

351 2329 399 2366 11,
424 2329 444 2358 6
469 2326 589 2370 legitur
624 2329 740 2366 cuius,
776 2325 856 2369 quod
879 2326 972 2357 etiam
1008 2328 1109 2357 Herm.
1135 2325 1171 2366 (l.
1195 2326 1216 2357 l.
1241 2328 1308 2366 ΙΙΙ,
1333 2327 1368 2367 9)
1392 2337 1427 2357 ex
1450 2327 1554 2367 Leid.,

350 2379 450 2411 Guelf.
474 2383 508 2410 A.
534 2383 610 2421 (non
633 2381 788 2412 indicante
807 2379 906 2420 ialin.)
931 2386 962 2411 et
986 2380 1095 2411 Ebner.
1119 2379 1222 2420 dedit,
1245 2380 1364 2412 librarii
1386 2391 1470 2411 error
1491 2386 1554 2419 est,

349 2433 404 2478 qui
427 2433 462 2465 in
484 2433 637 2466 similibus
660 2434 838 2466 litterarum
861 2434 1004 2466 ductibus
1028 2447 1128 2467 unum
1152 2435 1265 2467 omisit.
1432 2430 1434 2432 ¹

394 2489 421 2530 ²)
468 2490 515 2520 lta
538 2488 623 2519 dedit
645 2489 781 2527 Hauth.;
806 2490 838 2520 in
862 2489 942 2520 edito
965 2489 1046 2532 apud
1069 2489 1155 2521 Iahn.
1180 2490 1265 2520 dicis
1288 2493 1320 2519 et
1344 2487 1463 2519 iudicii
1483 2490 1556 2519 ven*

346 2554 409 2575 non
432 2544 499 2574 mei
519 2542 645 2586 legitur.
