1857 3113
910 247 958 287 29

335 366 396 392 sae
433 354 471 393 in
516 354 684 405 margine
723 354 932 406 adscriptae
973 362 1074 393 sunt.
1136 354 1220 393 Non
1266 368 1359 408 opus
1408 358 1536 409 putavi

334 440 462 467 omnes
493 428 571 466 eius
600 428 790 466 scribendi
824 429 1076 467 aberrationes
1104 429 1284 468 indicare.

388 504 455 542 His
484 504 664 542 enarratis
693 503 861 555 quaestio
890 503 998 542 nobis
1027 504 1220 543 tractanda
1249 513 1389 552 restat,
1426 513 1533 544 sunt-

334 591 382 615 ne
410 577 450 615 hi
483 577 631 615 codices
672 578 785 616 iidem
826 578 964 630 quibus
1007 579 1065 616 usi
1103 585 1190 615 sunt
1230 578 1315 616 Nic.
1360 580 1534 617 Heinsius

335 653 474 705 aliique
502 654 665 692 illustres
694 654 854 700 Batavi,
885 653 1124 691 Burmannus
1155 653 1340 691 secundus
1380 661 1417 692 et
1454 653 1534 693 Ou-

335 727 579 781 dendorpius.
657 728 738 778 Qua
784 728 829 767 de
875 742 915 766 re
958 727 1123 766 breviter
1162 727 1369 765 videamus.
1449 729 1531 765 Pri-

334 817 442 841 mum
479 802 883 849 animadvertendum,
922 802 1092 840 codicem
1132 801 1238 840 Voss.
1275 805 1297 840 2
1338 802 1412 840 hoc
1449 803 1531 841 loco

334 889 411 915 non
450 877 489 915 in
529 890 682 920 censum
724 892 831 930 posse
871 878 1019 923 venire,
1063 889 1182 928 quum
1210 891 1287 914 non
1321 878 1420 915 ultra
1449 877 1528 915 Sat.

333 952 353 990 I
374 982 385 998 ,
426 955 475 990 59
503 951 704 1004 procedat,
747 960 784 990 et
812 952 951 997 unica,
994 964 1090 1003 quae
1118 952 1215 989 intra
1254 951 1357 990 hune
1397 951 1530 990 termi-

333 1038 426 1063 num
462 1026 509 1064 ab
545 1025 697 1064 Heinsio
740 1040 782 1064 ex
821 1038 898 1062 uno
937 1024 1067 1062 codice
1111 1032 1343 1062 memoratur
1380 1025 1494 1063 lectio
1516 1054 1526 1071 ,

332 1100 372 1135 in
407 1099 580 1137 Leidensi
612 1108 744 1137 exstet.
802 1099 949 1136 Deinde
978 1114 998 1136 e
1026 1100 1180 1150 reliquis
1209 1100 1255 1137 de
1283 1100 1528 1138 Perizoniano

336 1172 511 1212 Heinsius
526 1187 603 1212 non
630 1173 756 1227 potuit
775 1173 1008 1212 mentionem
1032 1173 1154 1211 facere
1193 1180 1373 1225 tanquam
1401 1172 1530 1212 codice

333 1247 586 1285 bibliothecae
628 1248 821 1285 Leidensis
844 1277 854 1293 ,
905 1256 1062 1300 propter
1108 1250 1288 1301 temporis
1331 1250 1527 1287 rationem.

334 1321 397 1361 Sic
416 1330 489 1362 tres
508 1331 656 1362 tantum
686 1323 835 1361 codices
864 1330 1025 1370 restant,
1057 1331 1094 1362 et
1122 1337 1249 1362 revera
1278 1331 1351 1361 tres
1382 1323 1527 1361 codices

333 1397 531 1436 Leidenses
560 1398 731 1437 adhibuit
771 1399 969 1445 Heinsius,
1000 1407 1043 1437 ut
1071 1400 1163 1436 dicit
1192 1399 1237 1436 ad
1270 1399 1376 1438 Ovid.
1415 1400 1525 1438 Mett.

333 1472 412 1518 VI,
456 1475 563 1519 6293
613 1473 725 1520 VIII,
768 1475 844 1510 647
881 1480 918 1510 et
959 1473 1076 1511 Fastt.
1114 1473 1187 1518 IV,
1226 1475 1298 1510 721
1336 1473 1390 1523 1),
1434 1486 1527 1523 quos

333 1556 461 1586 tamen
495 1548 641 1586 codices
675 1562 751 1585 non
789 1549 888 1586 inter
920 1562 958 1585 se
989 1548 1169 1586 distinxit.
1231 1547 1369 1586 Omnes
1399 1555 1527 1585 tamen

334 1635 426 1674 quas
454 1622 580 1660 attulit
607 1622 789 1660 lectiones
819 1623 857 1660 in
885 1622 1046 1660 laudatis
1073 1612 1265 1661 codicibus
1285 1636 1362 1659 non
1385 1622 1526 1660 inveni.

331 1698 650 1736 Praestantissima
680 1697 832 1750 quidem
860 1697 974 1736 lectio
1009 1699 1171 1736 imitari
1200 1697 1233 1749 (I
1252 1726 1262 1742 ,
1304 1696 1371 1746 59)
1412 1701 1529 1732 exstat

333 1771 372 1808 in
399 1772 537 1819 Leid.;
582 1774 714 1824 relego
753 1773 831 1823 (V,
878 1772 970 1821 118)
1011 1772 1050 1808 in
1087 1772 1193 1809 Voss.
1228 1773 1245 1808 1
1267 1800 1276 1816 ,
1314 1771 1379 1821 qui
1412 1769 1527 1806 habet

331 1846 445 1883 etiam
484 1860 570 1883 cum
610 1847 667 1897 (Ι,
708 1846 790 1896 74).
849 1846 1044 1883 Praeterea
1082 1859 1211 1882 omnes
1239 1845 1356 1882 nostri
1384 1843 1526 1881 habent

321 1919 479 1972 palilz'a
511 1919 559 1970 (I,
602 1919 667 1971 72)
699 1927 735 1958 et
752 1920 960 1971 fumosum
992 1918 1089 1970 (VI,
1123 1921 1205 1969 70).
1268 1919 1374 1956 Aliae
1409 1933 1521 1964 vero,

331 2008 423 2045 quas
451 2008 494 2031 ex
536 1994 726 2032 codicibus
767 1993 900 2032 Leidd.
932 1993 1061 2031 citavit
1099 1993 1276 2032 lectiones
1304 1995 1344 2032 in
1372 1995 1415 2032 iis
1443 2007 1519 2031 non

331 2077 488 2108 exstant.
525 2069 582 2107 Ita
611 2069 650 2106 in
677 2051 784 2107 nullo
814 2068 954 2107 offendi
981 2082 1098 2120 quam
1128 2083 1253 2121 neque
1281 2069 1519 2107 dictatorem

335 2144 398 2196 (Ι,
431 2144 522 2196 74);
555 2144 595 2181 in
623 2143 730 2182 nullo
758 2143 899 2181 ebullet
918 2148 1102 2196 patruus
1131 2143 1166 2193 2)
1200 2144 1268 2195 (ΙΙ,
1304 2145 1392 2195 10),
1422 2143 1524 2196 quod

376 2311 403 2351 1)
447 2311 563 2341 Horum
585 2309 719 2342 locorum
741 2321 804 2342 non
825 2321 942 2342 memor
953 2310 1014 2342 fuit
1027 2310 1152 2342 Iahnius
1163 2311 1372 2354 quaestionem
1384 2321 1524 2350 movens⁷

329 2376 408 2397 num
431 2364 571 2396 Heinsius
605 2363 745 2407 pluribus
767 2376 828 2396 uno
850 2376 922 2397 usus
945 2371 1021 2397 esset
1050 2364 1202 2397 codicibus
1232 2365 1333 2397 Leidd.
1347 2390 1357 2407 ‚
1381 2366 1415 2398 in
1446 2376 1522 2398 cens.

329 2418 351 2449 l.
374 2430 442 2461 pag.
467 2420 575 2458 1¹06,
598 2424 678 2449 nota.

375 2473 402 2514 2)
447 2471 593 2514 Iahnius,
623 2472 674 2505 cui
704 2472 782 2504 hanc
803 2472 937 2518 aliasque
960 2474 1135 2506 Heinsianas
1157 2474 1300 2506 lectiones
1323 2474 1431 2514 debeo,
1461 2485 1523 2505 non

328 2527 548 2561 animadvertit
569 2529 731 2562 Heinsium
753 2529 848 2562 etiam
865 2538 1012 2572 patruus
1034 2542 1070 2563 ex
1093 2531 1209 2564 duobus
1230 2530 1337 2563 afferre
1359 2528 1521 2561 codicibus.
