1857 3113
925 265 972 300 52

341 367 460 415 dicit,
493 382 725 421 quamquam
756 370 861 423 quasi
897 370 1057 408 rusticus
1087 371 1156 409 sim
1183 384 1306 425 neque
1339 371 1430 410 adeo
1468 371 1534 419 iis,

341 443 409 493 qui
438 443 606 494 germani
633 443 704 479 sibi
734 444 908 481 videntur
934 452 1084 496 poetae,
1117 445 1434 490 adnumerandus,
1454 458 1536 481 car—

341 530 428 554 men
458 524 586 554 tamen
615 516 756 563 affero,
798 517 861 555 sed
900 525 1098 564 nostrum,
1129 519 1155 557 i.
1187 533 1221 557 e.
1255 520 1418 558 sermoni
1447 531 1536 572 pro—

338 590 527 643 pinquum
556 604 627 629 nee
656 591 789 644 spiritu
808 593 958 645 poetico
988 594 1177 632 inflatum.
1209 592 1321 631 Hunc
1349 600 1441 646 puto
1460 604 1536 630 esse

338 678 489 704 sensum
518 666 631 704 huius
660 665 735 703 loci
757 696 766 712 ,
810 680 925 718 quem
964 666 1209 705 ostenderunt
1240 681 1392 719 quoque
1420 667 1537 705 Hein-

339 738 481 777 richius
514 740 545 792 1)
569 770 578 786 ,
610 740 845 779 Duentzerus
874 742 909 793 2)
941 749 978 780 et
1007 741 1193 779 Prellerus
1222 740 1272 793 3).
1316 740 1451 792 Neque
1478 748 1538 778 ta-

338 827 427 851 men
457 828 550 866 opus
581 822 663 860 est,
693 829 755 853 me
784 815 924 862 iudice,
955 824 998 854 ut
1027 830 1113 854 cum
1141 816 1215 853 hoc
1244 829 1366 853 sacra
1402 821 1538 854 vatum

337 886 594 938 intelligamus
623 889 670 926 de
700 890 876 942 Apolline
907 898 944 928 et
973 890 1087 926 Musis
1116 889 1293 926 Palatinis
1311 918 1321 934 ,
1352 903 1422 926 nee
1451 902 1538 927 cum

334 960 401 998 illo
429 961 666 1013 potissimum
695 963 741 1001 de
772 963 915 1016 templo
934 963 1127 1001 Musarum
1157 963 1363 1015 cogitemus
1382 963 1434 1013 4).
1466 964 1537 1001 Po-

335 1034 409 1072 tius
437 1048 525 1073 eum
570 1036 702 1074 Iahnio
733 1038 767 1088 5)
811 1037 972 1075 referam
1011 1037 1057 1074 ad
1092 1038 1308 1075 communia
1344 1037 1538 1076 Musarum

336 1110 480 1156 studia,
513 1112 616 1163 quod
646 1119 683 1149 et
713 1111 954 1149 Heinrichius
988 1112 1117 1149 fecisse
1145 1110 1295 1149 videtur
1323 1119 1360 1149 et
1389 1112 1537 1150 Teuffe-

335 1182 408 1220 lius
437 1181 501 1234 6),
545 1185 638 1236 qui,
681 1186 750 1222 etsi
777 1199 853 1222 non
891 1193 1106 1223 accuratam
1142 1185 1318 1223 vocabuli
1363 1188 1537 1239 semipa—

332 1271 467 1309 ganus
497 1257 600 1296 dedit
629 1257 995 1313 interpretationem,
1027 1268 1149 1299 totum
1167 1260 1270 1298 hunc
1290 1259 1418 1296 locum
1436 1266 1538 1297 recte

333 1334 517 1384 exposuit.
576 1334 698 1371 Iahnii
734 1348 822 1372 vero
863 1335 1060 1386 explicatio
1094 1334 1206 1371 huius
1243 1333 1417 1371 vocabuli
1458 1346 1538 1370 me-

335 1415 401 1446 tuo
429 1421 476 1445 ne
506 1408 709 1461 speciosior
737 1408 782 1446 sit
816 1421 932 1459 quam
968 1408 1100 1446 verior.
1160 1406 1257 1446 Sunt
1286 1405 1441 1457 quidem
1469 1419 1537 1458 pa-

333 1483 420 1534 gani
448 1484 514 1535 qui
542 1484 581 1521 in
618 1483 723 1536 pagis
756 1482 931 1520 habitant
967 1481 1026 1518 vel
1069 1480 1157 1518 inde
1191 1482 1342 1519 oriundi
1373 1488 1460 1520 sunt
1501 1481 1536 1530 7)

331 1555 551 1609 habentque
578 1557 605 1595 ii
633 1557 850 1597 communia
870 1568 973 1594 sacra
991 1554 1189 1609 paganalia
1222 1553 1279 1606 8);
1313 1555 1377 1595 sed
1403 1554 1449 1594 ab
1469 1568 1536 1594 an-

381 1725 408 1766 ¹)
454 1722 502 1755 Ad
524 1734 555 1753 n.
579 1722 601 1753 1.
625 1734 692 1767 pag.
719 1724 769 1755 70.

379 1780 408 1820 Ξ)
453 1780 492 1809 In
514 1774 735 1809 Summ.‘Prol.
760 1790 789 1821 p.
815 1779 862 1808 11.

378 1832 405 1874 ³)
450 1835 488 1864 In
511 1844 589 1864 cens.
613 1831 635 1863 l.
659 1844 727 1875 pag.
753 1834 849 1863 1150.

376 1886 405 1930 ⁴)
450 1887 518 1919 Vid.
543 1889 612 1919 Hor.
639 1888 701 1918 Sat.
726 1888 761 1926 I⁷
787 1888 850 1926 10,
876 1887 918 1917 38
941 1890 972 1916 et
995 1884 1090 1928 Epist.
1115 1887 1165 1926 11,
1189 1887 1231 1925 2,
1257 1886 1318 1925 94,
1353 1895 1427 1928 quos
1457 1884 1538 1917 locos

330 1944 459 1973 Duentz.
493 1941 583 1973 affert
606 1942 638 1972 in
663 1941 735 1972 locis
758 1940 912 1971 similibus
933 1940 973 1971 ad
995 1940 1089 1972 huius
1111 1940 1189 1972 Prol.
1214 1951 1242 1971 v.
1269 1941 1308 1979 7,
1331 1950 1464 1982 quosque
1486 1949 1536 1970 ex-

331 1996 444 2040 plicuit
466 1996 500 2027 in
523 2006 610 2039 opere
633 1994 722 2025 modo
744 1994 766 2024 l.
791 1996 824 2025 T.
849 1997 901 2034 11,
925 2007 993 2038 pag.
1016 1998 1081 2027 258
1104 2001 1136 2027 et
1158 1997 1193 2026 T.
1215 1994 1278 2034 lv,
1297 2004 1364 2037 pag.
1389 1995 1476 2032 1053
1499 1991 1536 2024 cf.

332 2051 427 2082 etiam
450 2049 550 2081 Bcntl.
574 2049 612 2080 ad
634 2051 704 2079 Hor.
728 2047 749 2078 l.
774 2048 796 2079 l.
820 2054 1017 2091 postremum.

379 2105 407 2146 ⁵)
453 2106 523 2147 Pag.
550 2105 613 2143 76,
648 2101 701 2132 ubi
727 2102 758 2132 in
780 2101 852 2133 locis
875 2113 949 2145 quos
984 2113 1001 2133 a
1024 2102 1171 2144 Koenigio
1198 2107 1361 2134 mutuatus
1383 2107 1452 2141 est,
1483 2111 1537 2143 pro

331 2158 419 2191 Ovid.
444 2170 479 2190 ex
502 2159 587 2189 Pont.
611 2157 633 2188 l.
657 2159 697 2188 11.
722 2157 817 2201 Epist.
845 2159 896 2188 16.
920 2156 1042 2200 legatur
1065 2158 1119 2200 Ep.
1144 2158 1196 2187 10.

378 2215 407 2256 θ)
452 2215 527 2257 Pag.
551 2214 616 2253 87,
640 2223 683 2256 sq.

378 2269 406 2312 ⁷)
451 2272 492 2302 Ut
514 2267 595 2313 apud
617 2270 706 2299 Auct.
729 2267 766 2298 de
789 2266 863 2298 Bell.
888 2266 1050 2299 Alexandr.
1070 2277 1097 2298 c.
1119 2266 1287 2305 CXXXVI,
1311 2263 1367 2295 uhi
1390 2274 1451 2295 non
1466 2288 1475 2304 ,
1498 2268 1535 2295 ut

330 2330 418 2355 notat
440 2326 555 2356 Passov.
572 2323 616 2354 ’ad
639 2335 670 2354 n.
695 2321 716 2353 l.
741 2335 770 2365 p.
795 2325 870 2362 222,
894 2333 919 2353 c.
938 2323 1103 2353 CXXXVII
1113 2345 1122 2360 ,
1146 2319 1310 2363 separatim
1326 2323 1538 2350 memorantur

330 2377 368 2410 ab
390 2378 557 2421 oppidanis,
581 2383 612 2410 et
633 2378 667 2409 in
701 2379 785 2409 Orat.
810 2388 868 2421 pro
890 2378 1008 2417 Domo,
1030 2386 1055 2407 e.
1079 2376 1229 2416 XXVIII,
1254 2374 1308 2407 ubi
1331 2373 1441 2406 diversi
1463 2377 1538 2404 sunt

329 2444 349 2465 a
372 2432 538 2464 montanis.

376 2489 404 2529 ⁸)
450 2488 573 2517 Praeter
599 2485 703 2518 locum
737 2486 824 2518 Dion.
859 2486 955 2518 Halie.
990 2497 1008 2517 a
1042 2484 1149 2517 Iahnio
1183 2485 1245 2515 iam
1269 2481 1430 2513 laudatum
1444 2504 1453 2520 ,
1476 2479 1536 2512 vid.

327 2544 413 2574 Varr.
437 2541 474 2574 de
496 2543 528 2573 L.
552 2543 584 2573 L.
609 2542 635 2572 V
648 2565 657 2581 ‚
680 2551 705 2572 c.
730 2543 770 2580 3,
793 2552 860 2584 pag.
886 2543 927 2572 49
940 2563 949 2580 ‚
976 2541 1015 2579 7,
1039 2539 1094 2571 ubi
1116 2538 1228 2572 diserte
1246 2536 1383 2570 traditur
1403 2538 1535 2581 Pagana-
