1857 3113
925 237 975 273 90

351 343 561 381 carminum
590 343 782 395 pangendi
812 355 957 381 morem
987 344 1190 395 vituperet.
1250 343 1389 382 Partim
1418 352 1545 383 tamen

352 415 477 454 locum
508 424 679 456 nostrum
709 432 785 456 non
806 418 917 456 tantis
938 417 1224 456 difficultatibus
1244 417 1413 457 laborare
1432 425 1542 472 puto,

349 493 378 529 si
404 492 519 530 modo
550 492 670 532 libero
699 494 747 532 ab
777 495 881 532 omni
919 494 1175 547 praeiudicata
1204 493 1379 546 opinione
1408 493 1547 531 iudicio

349 579 436 605 eum
483 567 650 620 legamus
688 575 725 605 et
766 567 1079 620 simplicissimam
1120 567 1392 620 interpretandi
1433 567 1546 605 ratio-

347 654 434 678 nem
463 642 646 680 ineamus.
697 642 741 679 In
770 650 898 681 nostra
929 651 1055 681 autem
1087 643 1197 680 satira
1226 642 1400 693 plerique
1429 643 1546 679 inter-

347 722 471 768 pretes
499 715 629 754 multis
659 715 696 753 in
727 715 818 755 locis
847 716 893 755 de
937 716 1146 756 adversario
1181 716 1393 770 cogitarunt
1433 729 1546 768 quem

348 790 495 828 Persius
514 804 641 828 secum
663 791 882 842 loquentem
901 793 1024 830 faciat:
1059 793 1176 830 talem
1206 804 1404 843 personam
1433 791 1547 827 etiam

347 862 410 900 hic
438 864 674 900 somniarunt
706 866 767 913 ¹);
815 878 929 916 quem
961 866 990 902 si
1018 864 1088 902 sibi
1117 878 1192 902 non
1222 864 1440 910 finxissent,
1476 863 1548 902 hoc

347 939 431 976 loco
459 938 498 974 in
528 945 605 974 tam
636 938 799 977 diversas
830 940 1024 992 opiniones
1052 953 1128 977 non
1157 939 1347 985 abiissent,
1381 953 1474 991 quas
1505 954 1546 977 o-

346 1027 453 1052 mnes
483 1027 656 1052 enarrare
685 1013 840 1066 longum
872 1022 940 1053 est.
973 1014 1028 1052 De
1059 1014 1399 1053 recentissimorum
1420 1022 1547 1053 tamen

347 1089 535 1126 editorum
566 1089 790 1126 commentis
820 1089 986 1127 breviter
1013 1089 1219 1127 videamus.
1252 1089 1405 1127 Iahnius
1424 1090 1459 1141 2)
1491 1103 1545 1130 vs.

349 1167 528 1202 92—95:
579 1162 663 1201 Sed
689 1166 868 1201 numeris
897 1187 952 1193 —
978 1163 1191 1216 Apennino
1213 1194 1222 1210 ,
1259 1164 1437 1202 monitori
1479 1165 1546 1202 tri-

347 1238 457 1284 buit,
503 1238 596 1276 duos
631 1251 757 1275 versus
786 1246 983 1289 sequentes
1012 1238 1083 1290 ipsi
1109 1245 1244 1290 poetae
1272 1246 1309 1277 et
1337 1252 1462 1277 rursus
1492 1252 1544 1276 vs.

349 1314 555 1352 98—102:
593 1311 796 1363 Quidnam
827 1315 1029 1366 igitur—
1047 1319 1217 1351 assonat
1246 1313 1385 1359 Eeho,
1417 1313 1548 1352 adver-

348 1390 442 1426 sario
471 1388 547 1425 dat.
607 1387 682 1425 Sed
712 1396 753 1426 ut
783 1402 902 1425 unum
932 1396 1079 1426 tantum
1121 1395 1387 1440 argumentum
1418 1394 1548 1426 contra

347 1464 446 1503 hane
474 1464 828 1516 interpretationem
858 1465 1028 1509 afferam,
1060 1477 1112 1502 vs.
1136 1465 1186 1501 28
1207 1462 1320 1501 verba
1340 1464 1439 1501 laxa
1462 1476 1547 1502 cer-

346 1542 445 1585 vice,
460 1547 502 1577 ut
520 1539 655 1577 merito
675 1539 915 1577 Heinrichius
936 1540 970 1588 3)
993 1538 1155 1584 monuit,
1181 1552 1256 1576 non
1275 1544 1431 1590 possunt
1449 1537 1548 1576 dicta

348 1628 423 1652 esse
453 1614 500 1651 ab
547 1613 758 1651 adversario
778 1643 787 1659 ,
832 1614 894 1652 sed
924 1615 995 1666 ipsi
1022 1621 1156 1666 poetae
1198 1613 1398 1652 tribuenda
1429 1619 1516 1650 sunt
1535 1642 1545 1658 ,

348 1702 470 1738 quum
509 1687 612 1740 hisee
655 1686 779 1724 verbis
801 1716 810 1731 ,
842 1688 933 1725 item
963 1688 1147 1725 vocabulo
1178 1693 1381 1731 tenerum,
1410 1699 1547 1737 pravae

349 1775 443 1814 quas
472 1762 510 1798 in
552 1761 836 1799 recitationibus
881 1761 1112 1800 adhibebant
1147 1768 1245 1799 artes
1288 1759 1544 1798 derideantur.

347 1837 430 1889 Ipse
458 1849 546 1873 vero
578 1835 817 1873 Heinrichius
846 1836 881 1886 4)
913 1850 932 1873 a
965 1849 1070 1874 versu
1113 1837 1300 1873 92—97:
1348 1833 1433 1872 Sed
1474 1848 1546 1871 nu-

392 1945 420 1988 ¹)
466 1947 513 1977 Ita
536 1944 628 1976 etiam
652 1954 693 1974 vs.
719 1945 782 1974 119
806 1943 973 1984 Nusquam
1004 1942 1144 1986 plerique
1176 1941 1344 1973 adversario
1377 1941 1545 1973 tribuunt:

347 2000 471 2032 Casaub.
485 2023 495 2039 ‚
519 1998 646 2030 Farnab.
661 2022 670 2037 ‚
693 1997 844 2028 Schrevel.
859 2020 868 2036 ⁷
893 1997 1017 2039 Koenig.
1033 2021 1043 2037 ‚
1064 1998 1177 2027 Passov.
1192 2020 1201 2035 ‚
1225 2002 1355 2038 uterque
1376 1995 1547 2035 WVeberus,

347 2055 487 2086 Ritterus
511 2053 546 2093 (l.
570 2052 592 2082 l.
617 2063 682 2094 pag.
708 2053 773 2089 82,
809 2049 844 2081 cf.
880 2062 946 2093 pag.
972 2053 1036 2089 32,
1071 2062 1102 2081 n.
1138 2052 1218 2090 35),
1254 2049 1360 2089 [alin.⁷
1395 2051 1547 2090 Duentz.,

348 2107 445 2139 Teuff.
493 2106 599 2137 Melius
629 2112 734 2136 autem
768 2104 883 2144 Bond.‚
919 2103 1062 2135 Hautlial.
1094 2110 1125 2134 et
1156 2104 1258 2135 lleinr.
1282 2106 1363 2147 (pag.
1388 2106 1467 2143 112)
1491 2104 1549 2146 ipsi

347 2168 453 2206 poetae
486 2160 582 2199 dant,
617 2165 654 2191 ut
684 2166 715 2191 et
746 2159 841 2190 nostri
872 2158 955 2189 codd.
980 2159 1061 2190 Leid.
1093 2164 1124 2189 et
1148 2161 1228 2190 Voss.
1252 2161 1270 2189 1
1295 2164 1326 2189 et
1350 2160 1379 2188 3.
1425 2157 1547 2189 Heinri-

347 2216 452 2248 chium
479 2222 583 2246 tamen
608 2214 718 2245 vellem
743 2219 810 2257 post
833 2225 999 2255 nusquam
1033 2214 1157 2256 signum
1193 2211 1401 2255 interrogandi
1434 2211 1547 2254 posuis-

347 2277 413 2311 set,
437 2270 518 2314 quod
541 2269 613 2301 talis
635 2267 813 2300 distributio
835 2268 976 2311 requirit.

393 2326 421 2367 ²)
466 2325 540 2357 Eius
573 2335 770 2368 personarum
804 2322 983 2354 distributio
1016 2328 1100 2366 patet
1130 2334 1164 2354 ex
1188 2326 1330 2354 contextu
1353 2332 1446 2365 quem
1469 2320 1547 2360 dat3

347 2390 420 2411 narn
444 2379 478 2409 in
500 2378 593 2422 ipsius
609 2371 673 2409 'loci
696 2376 915 2421 explicatione,
949 2388 1015 2420 pag.
1040 2379 1237 2417 102—109‚
1261 2376 1343 2409 nihil
1366 2376 1403 2408 de
1426 2387 1459 2407 ea
1481 2376 1547 2406 ani-

347 2432 524 2466 madvertit.

393 2489 421 2531 ³)
467 2490 499 2519 P.
523 2490 598 2519 103.
643 2486 686 2518 Cf.
709 2488 803 2519 etiam
825 2489 954 2520 Meister.
978 2499 1045 2531 pag.
1071 2490 1112 2518 43
1126 2511 1134 2526 ‚
1158 2498 1201 2529 sq.

394 2544 422 2585 ⁴)
467 2545 536 2587 Pag.
561 2544 649 2583 100,
672 2553 736 2586 sqq.
