1857 3113
342 405 560 456 ptiuncula
591 404 755 442 laboret.
816 404 873 442 Id
906 410 1037 443 tamen
1067 404 1201 442 lubens
1231 402 1448 457 profiteor,
1483 413 1543 438 me

351 499 501 536 nullum
530 512 742 537 recusasse
770 500 942 538 laborem
962 531 971 546 ,
1017 500 1196 551 nullique
1216 499 1452 551 pepercisse
1479 497 1542 532 in-

351 594 564 642 dustriae,
595 602 640 633 ut
669 597 805 648 quid
843 599 1047 651 aptius
1093 598 1300 633 exiret.
1360 592 1543 630 Primum

350 697 483 730 autem
524 705 649 730 meum
666 692 816 744 fuerat
835 695 1092 746 propositum
1129 704 1259 729 omnes
1288 703 1359 728 sex
1387 692 1545 728 satiras

352 792 548 826 tractare.
584 786 712 838 Quum
730 801 822 825 vero
840 790 884 825 in
893 789 1049 841 primis
1069 786 1227 824 diutius
1245 784 1449 822 detinerer
1467 796 1545 820 me-

350 897 475 935 aeque
504 886 611 921 vitae
639 888 821 922 rationes
842 885 1031 935 ferrent,
1063 888 1107 920 ut
1138 882 1299 919 tandem
1329 881 1546 931 aliquando

350 994 520 1018 summos
560 982 603 1017 in
646 981 800 1018 litteris
839 993 1087 1033 capesserem
1130 980 1297 1017 honores
1319 1008 1329 1024 ,
1373 983 1547 1030 quatuor

341 1078 510 1128 priores
539 1074 656 1112 edere
684 1075 983 1113 constituebam.
1051 1073 1223 1112 Interim
1242 1104 1251 1120 ,
1289 1087 1407 1127 opere
1432 1074 1546 1112 abso-

352 1171 437 1209 luto
458 1200 466 1215 ,
502 1172 646 1220 feriae
688 1170 897 1208 instabant
939 1176 978 1207 et
1022 1172 1143 1208 moles
1185 1173 1307 1208 nimis
1334 1176 1517 1209 creverat
1537 1201 1545 1216 ,

352 1281 471 1319 quam
513 1273 558 1305 ut
592 1269 745 1320 paucis
788 1267 927 1305 diebus
970 1271 1081 1321 typis
1116 1270 1428 1321 imprimeretur.
1488 1267 1550 1306 ,Ne

352 1364 484 1414 igitur
501 1374 683 1415 prorsus
710 1375 737 1398 a
766 1362 934 1400 consilio
961 1362 1196 1401 desisterem
1217 1392 1227 1408 ,
1264 1363 1353 1400 alia
1380 1375 1430 1400 ex
1456 1364 1548 1399 ani-

351 1456 697 1495 madversionibus
724 1471 930 1505 resecare,
960 1459 1049 1497 alia
1076 1461 1119 1496 in
1124 1471 1328 1512 praesens
1346 1460 1547 1505 omittere,

351 1558 472 1605 atque
501 1554 562 1589 ita
592 1565 660 1598 ea,
684 1566 787 1605 quae
804 1553 853 1590 de
862 1556 1005 1606 prima
1025 1556 1181 1599 satira,
1201 1554 1546 1605 qualitercunque,

352 1648 659 1701 disputaveram
678 1678 687 1694 ,
733 1649 818 1686 sola
839 1678 846 1694 ,
896 1651 1128 1702 speciminis
1153 1651 1297 1701 gratia
1314 1679 1324 1695 ,
1355 1652 1400 1687 in
1426 1650 1548 1687 lucem

352 1746 533 1781 emittere
554 1773 564 1789 ,
594 1748 755 1781 coactus
772 1744 860 1794 fui.

406 1839 634 1892 Antequam
677 1853 769 1877 vero
800 1841 1035 1893 praefandi
1060 1841 1188 1892 finem
1217 1841 1380 1892 faciam
1400 1870 1409 1886 ‚
1451 1841 1551 1878 milii

352 1935 620 1988 compellandi
648 1940 743 1972 sunt
774 1933 876 1972 Viri
905 1934 1157 1982 Clarissimi,
1186 1948 1352 1988 quorum
1381 1937 1550 1973 institu-

354 2031 459 2066 tione
487 2030 550 2065 uti
577 2029 678 2065 milii
706 2029 834 2066 licuit.
897 2027 982 2067 Sed
1001 2058 1010 2075 ‚
1042 2031 1139 2066 eheu
1156 2029 1173 2066 !
1203 2036 1287 2067 tres
1316 2033 1397 2068 iam
1417 2044 1549 2069 eorum

353 2123 500 2160 desunt
541 2137 730 2162 numero:
773 2125 982 2163 Hssusnmm
1024 2123 1140 2169 dico,
1189 2123 1485 2163 Scunommnuu
1513 2130 1551 2162 et

353 2217 731 2257 WENCREBACRIUM.
780 2218 870 2256 Duo
880 2221 1047 2272 priores
1065 2221 1178 2256 caris
1187 2220 1437 2271 propinquis
1451 2231 1551 2270 gra·

353 2318 487 2366 tisque
516 2315 735 2368 discipulis
764 2317 887 2352 nimis
919 2314 1078 2366 quidem
1097 2319 1260 2351 matura
1281 2318 1405 2351 morte
1422 2315 1551 2365 erepti

353 2414 477 2448 sunt:
519 2408 592 2446 sed
634 2410 720 2446 vita
757 2414 933 2462 peracta
953 2439 962 2455 ‚
1006 2422 1103 2460 quae
1137 2409 1274 2460 quales
1314 2412 1552 2459 quantosque

352 2506 587 2545 academiae
603 2535 612 2550 ,
635 2506 789 2542 litteris
808 2534 816 2549 ,
848 2505 1096 2541 humanitati
1113 2504 1256 2540 tulerit
1260 2504 1452 2554 fructus,
1472 2504 1552 2541 alii
