1857 3113
791 303 836 341 81

217 427 294 468 qua
324 422 448 453 tamen
479 411 741 450 emendatione
771 424 847 449 non
877 423 970 464 opus
1004 417 1069 448 est.
1128 409 1415 448 substantivum

218 492 392 531 adieetivi
421 491 504 528 loco
530 488 694 542 positum
724 494 808 534 est,
841 493 883 524 ut
913 486 1012 540 apud
1042 485 1133 525 Hor.
1155 485 1280 525 Carm.
1312 485 1350 531 Ι,
1375 486 1412 530 4,

220 567 267 603 16
298 579 322 602 »
338 564 488 603 fabulae
529 562 684 600 manes''
713 569 750 600 et
779 562 888 600 Mart.
933 561 1030 607 XII,
1064 562 1111 607 4,
1146 564 1195 599 4:
1239 576 1264 598 »
1285 560 1415 598 charta

216 639 338 676 anus''
372 639 421 689 1).
452 636 634 675 Similiter
662 636 808 684 Graeei3
843 650 898 674 ex.
920 651 974 688 gr.
996 634 1100 683 ὕβρις
1129 635 1237 681 ἀνήρ,
1260 633 1412 672 Hesiod.

211 712 326 760 '‘Epy.
358 727 393 750 κ.
426 713 492 757 ἡμ.
524 724 560 749 v,
595 712 685 756 1913
717 709 856 757 ὄλεθρος
875 710 1073 756 Μακεδών,
1096 708 1290 747 Demosth.
1313 708 1411 746 Phil.

216 786 303 832 III,
347 788 411 824 31.
484 785 564 823 Nec
605 785 718 838 plane
757 784 949 822 dissimilia
992 791 1079 822 sunt
1107 797 1149 821 ea
1178 782 1348 835 exempla
1378 782 1416 818 in

214 860 353 912 quibus
383 859 459 897 duo
488 859 722 897 substantiva
749 858 981 910 copulantur
1001 887 1011 903 ‚
1060 869 1222 908 quorum
1253 856 1414 893 alterum

216 934 516 987 metaphoricum
546 941 627 979 est,
659 940 701 970 ut
732 932 832 984 apud
861 939 1033 969 nostrum
1062 931 1100 967 in
1129 931 1228 969 Prol.
1261 944 1312 968 vs.
1347 931 1410 967 13:

217 1022 391 1047 »corvos
431 1016 559 1060 poetas
592 1015 629 1045 et
656 1007 843 1060 poetridas
871 1005 1015 1058 picas''
1047 1008 1109 1056 2);
1144 1004 1223 1044 Sat.
1255 1004 1303 1051 V,
1336 1005 1407 1041 30:

215 1096 241 1119 >>
258 1090 378 1119 custos
399 1080 599 1134 purpura''
622 1088 660 1119 et
690 1081 765 1125 VI,
797 1082 866 1117 74:
901 1093 1042 1132 »popa
1070 1078 1247 1117 venter.''
1279 1077 1414 1129 Neque

214 1159 253 1196 in
281 1172 324 1196 eo
351 1156 569 1210 probandus
598 1155 837 1194 Heinrichius
867 1156 901 1207 3)
941 1155 1041 1207 quod
1072 1169 1140 1208 pro
1169 1154 1320 1206 vulgato
1348 1154 1409 1190 vi-

213 1230 349 1268 demus
377 1231 542 1283 reposuit
570 1230 766 1276 docemus,
788 1229 1058 1282 praeeuntibus
1087 1228 1243 1267 Pithoeo
1272 1234 1310 1266 et
1340 1225 1412 1265 Ca-

212 1400 264 1437 11,
289 1400 328 1436 1,
353 1399 417 1437 18,
439 1408 531 1440 quem
553 1396 591 1427 ad
614 1408 643 1427 n.
668 1396 690 1427 l.
725 1409 792 1440 pag.
817 1399 861 1428 97
894 1396 1088 1435 contulerat,
1112 1395 1193 1426 nihil
1216 1394 1341 1438 probare
1364 1395 1411 1426 di-

210 1452 262 1483 cit.
296 1451 398 1483 Heinr.
433 1450 564 1482 eundem
597 1451 702 1483 citasse
725 1451 845 1483 videtur
873 1451 910 1482 ad
942 1450 1109 1482 Casauboni
1131 1450 1318 1480 conicturam
1344 1461 1410 1492 pro-

210 1505 352 1537 bandam.

257 1560 293 1600 ¹).
340 1559 381 1590 Cf.
406 1571 492 1602 porro
522 1560 610 1591 Fabri
639 1561 726 1592 Thes.
752 1564 862 1601 Gesn.⁷
885 1561 939 1592 ubi
963 1562 995 1592 in
1029 1572 1099 1592 voce
1123 1572 1209 1591 anus
1232 1560 1292 1591 alia
1315 1560 1410 1591 huius

210 1613 347 1646 vocabuli
371 1625 443 1646 usus
472 1614 609 1658 exempla
644 1615 770 1647 collecta
803 1621 896 1654 sunt3
933 1621 969 1647 ut
994 1614 1105 1646 Catull.
1139 1616 1285 1654 LXVIII,
1310 1616 1352 1645 46
1376 1619 1408 1645 et

210 1670 384 1708 Lxxvffl,
407 1671 471 1708 103
495 1671 580 1700 Mart.
604 1672 667 1709 vi,
691 1671 751 1709 27,
776 1673 796 1701 8
819 1676 850 1701 et
873 1670 952 1701 Plin.
977 1673 1012 1701 H.
1037 1672 1072 1701 Ν.
1096 1671 1172 1708 xv,
1195 1671 1270 1710 (19)
1293 1671 1345 1699 21.
1371 1671 1409 1700 In

210 1721 305 1752 altero
338 1727 464 1762 autem,
498 1722 552 1765 qui
575 1722 619 1753 ibi
641 1722 769 1754 affertur
803 1723 897 1754 Plinii
932 1724 1018 1763 loco,
1042 1727 1081 1754 H.
1103 1725 1137 1753 N.
1161 1725 1265 1762 xvll,
1290 1724 1340 1763 (5)
1365 1725 1384 1753 3
1399 1747 1408 1762 ‚

211 1787 296 1806 anus
326 1787 446 1819 prorsus
468 1783 513 1808 est
536 1777 783 1817 substantivum,
807 1778 857 1808 sed
880 1777 1012 1809 ostendit
1046 1777 1196 1820 quomodo
1230 1777 1405 1819 praesertim

210 1828 266 1860 hoc
296 1829 478 1862 vocabulum
512 1843 597 1861 anus
629 1843 683 1874 per
705 1831 961 1873 comparationem
995 1831 1177 1861 adiectivam
1207 1830 1405 1872 significatio-

209 1893 281 1914 nem
303 1880 457 1926 acceperit.
504 1883 600 1915 Lubet
622 1884 724 1915 locum
746 1883 931 1919 adscribere:
957 1896 974 1913 »
989 1885 1043 1913 Est
1055 1884 1140 1914 enim
1153 1884 1405 1927 interpretatione

211 1937 356 1968 vitiorum
379 1938 549 1982 quaedam,
584 1949 644 1969 non
668 1943 767 1969 aetate
790 1939 880 1980 (quae
903 1936 991 1968 nulla
1015 1937 1047 1968 in
1071 1949 1104 1968 ea
1128 1938 1270 1981 intelligi
1291 1941 1403 1981 potest)

208 1991 258 2022 sed
281 1998 390 2023 natura
422 2004 497 2031 sua,
530 2003 605 2023 anus
639 1998 739 2023 terra:
774 1998 805 2022 et
839 1991 905 2022 ideo
939 1991 1103 2023 infecunda
1126 1993 1162 2023 ad
1185 1993 1288 2024 omnia
1311 1999 1402 2037 atque

208 2045 393 2076 imbecilla.'’
438 2046 581 2089 Exempla
606 2057 674 2077 vero
696 2057 772 2090 quae
795 2045 832 2077 ad
854 2057 884 2076 n.
908 2045 932 2076 l.
954 2046 1065 2077 attulit
1085 2049 1197 2079 Passov.
1217 2050 1297 2091 (pag.
1322 2050 1404 2090 290)

208 2110 269 2131 non
291 2098 352 2131 huc
373 2100 538 2143 pertinent.
584 2102 621 2131 In
644 2100 709 2132 loco
731 2100 815 2132 enim
839 2101 896 2132 Cic.
920 2100 957 2131 de
979 2103 1098 2133 Senect.
1116 2113 1140 2133 c.
1165 2105 1246 2144 XIV,
1268 2103 1403 2147 suppleri

207 2153 414 2194 debetssunss
437 2154 516 2198 quod
539 2155 572 2185 in
595 2155 754 2187 nonnullis
765 2155 848 2186 codd.
871 2154 1014 2194 additum
1040 2155 1150 2187 diversi
1173 2169 1263 2200 porro
1286 2159 1404 2201 generis

207 2214 281 2239 sunt
295 2208 424 2240 verbalia
445 2209 479 2240 in
504 2216 555 2240 tor
575 2215 606 2240 et
629 2212 696 2240 trix
709 2211 793 2251 (cum
816 2209 927 2253 quibus
950 2211 1137 2241 conveniunt
1150 2211 1281 2242 domina
1305 2213 1401 2243 hasta

206 2262 287 2305 apud
309 2265 373 2293 Iuv.
397 2265 463 2302 ΙΙΙ,
500 2265 563 2302 '733
591 2263 671 2306 filia
705 2266 796 2305 virqo
829 2263 908 2306 apud
931 2264 1020 2294 eund.
1044 2276 1072 2296 v.
1098 2267 1185 2305 1103
1208 2266 1301 2306 alia),
1324 2277 1402 2309 quae

207 2316 333 2347 mobilia
366 2316 455 2359 plane
489 2317 709 2349 adiectivorum
742 2316 868 2349 formam
902 2317 1015 2350 habent
1047 2325 1078 2350 et
1120 2320 1192 2350 satis
1226 2319 1405 2363 frequenter

206 2370 352 2402 adiective
385 2371 482 2413 posita
504 2377 677 2402 occurrunt.
713 2371 768 2402 Cff.
792 2373 935 2404 Ruddim.
960 2375 1049 2405 Instt.
1074 2376 1123 2404 Gr.
1149 2375 1190 2413 ΙΙ,
1213 2384 1279 2417 pag.
1305 2376 1345 2415 4,
1369 2386 1400 2406 n.

207 2428 228 2457 4
248 2431 279 2457 et
302 2437 368 2469 pag.
393 2428 457 2466 38,
480 2437 511 2456 n.
536 2427 577 2456 82
601 2431 632 2456 et
653 2438 730 2470 quae
762 2427 846 2459 dedit
869 2427 969 2459 Bentl.
994 2427 1031 2459 ad
1053 2429 1123 2459 Hor.
1147 2429 1245 2460 Carm.
1271 2430 1311 2460 IV
1325 2454 1334 2470 7
1358 2432 1377 2460 9
1392 2454 1400 2469 ‚

207 2482 249 2511 39
272 2491 344 2512 cum
366 2480 510 2512 vocabulo
533 2483 663 2512 animus
685 2482 856 2513 coniuncta.

250 2534 278 2575 ²)
324 2534 365 2566 Cf.
389 2535 427 2567 de
448 2547 482 2567 eo
504 2535 568 2568 loco
590 2537 701 2568 Passov.
726 2548 793 2581 pag.
818 2539 892 2569 230.

251 2588 278 2631 ³)
324 2590 392 2633 Pag.
416 2592 469 2621 93.
