1857 3113
917 271 957 307 71

342 374 448 425 loco,
493 387 535 417 ut
574 391 616 415 ex
660 377 773 414 totius
818 377 950 414 satirae
983 377 1110 415 indole
1141 377 1218 428 (cff.
1249 377 1433 430 imprimis
1462 389 1530 415 vss.

341 456 390 499 9,
423 455 472 490 22
491 482 501 497 ,
533 454 583 489 26
602 481 612 497 ‚
657 455 706 490 79
726 483 735 499 ‚
769 454 819 490 87
839 482 848 498 ,
896 453 988 503 102)
1020 459 1202 505 apparet,
1232 452 1370 490 dicitur
1396 451 1434 488 in
1464 464 1533 503 op-

338 528 534 580 probrium
563 527 687 565 divitis
715 527 824 580 gulae
864 534 901 565 et
945 527 1063 565 ventri
1093 526 1233 571 dediti,
1276 526 1344 577 qui
1370 539 1445 563 non
1475 537 1533 562 se-

339 603 500 641 nectutis
530 602 669 655 culpa,
714 603 777 642 sed
805 602 952 641 luxuria
994 610 1030 640 et
1071 601 1303 640 helluatione
1343 599 1531 637 calvitiem

338 676 409 714 sibi
447 677 700 716 contraxisset.
772 677 891 715 Versu
921 676 1091 728 sequenti
1130 689 1200 728 pro
1243 675 1410 712 omnium
1454 674 1533 711 fere

338 750 510 788 codicum
541 752 701 789 lectione
721 764 926 804 propenso
966 750 1065 788 solus
1094 756 1216 788 textus
1245 748 1532 786 Heinrichianus

337 825 487 863 exhibet
510 831 727 877 protenso,
770 838 887 876 quam
926 824 1062 862 codicis
1102 823 1262 861 Romani
1301 822 1529 868 lectionem,

338 900 559 950 Hieronymi
587 908 624 939 et·
653 900 831 939 Prisciani
859 899 1083 937 auctoritate
1101 929 1111 945 ,
1155 898 1387 951 praetulerat
1414 898 1532 936 Hein-

338 974 476 1013 riehius
525 975 573 1025 Ι).
646 973 799 1011 Iahnius
844 987 926 1010 eam
972 973 1114 1010 invenit
1159 973 1273 1011 etiam
1319 974 1358 1011 in
1400 972 1529 1011 codice

338 1047 505 1100 Montep.
537 1055 574 1085 et
602 1047 795 1085 fortiorem
821 1047 970 1100 putavit
1000 1046 1032 1096 2)
1064 1060 1178 1098 quam
1207 1048 1385 1094 alteram,
1416 1061 1533 1100 quare

336 1130 462 1174 postea
481 1152 491 1169 ,
538 1122 705 1173 inspecta
752 1120 888 1159 codicis
936 1121 1047 1159 Rom.
1097 1121 1298 1160 collatione
1316 1152 1325 1167 ,
1374 1130 1411 1160 et
1452 1123 1531 1175 ipse

335 1209 419 1233 eam
449 1195 704 1247 recipiendam
746 1195 852 1232 duxit
883 1195 933 1244 3).
995 1194 1088 1232 Mihi
1127 1208 1215 1232 vero
1243 1196 1395 1248 vulgata
1422 1210 1531 1248 prae-

336 1269 490 1308 ferenda
526 1268 674 1306 videtur
702 1275 739 1305 et
768 1267 816 1305 ob
861 1268 1030 1306 omnium
1078 1267 1312 1320 reliquorum
1359 1270 1531 1308 codicum

334 1350 559 1383 consensum
604 1344 668 1394 4),
713 1350 750 1380 et
791 1342 875 1381 ideo
919 1344 1020 1395 quod
1061 1343 1176 1382 verbo
1223 1350 1354 1382 exstet
1395 1358 1529 1383 novam

335 1421 443 1472 quasi
470 1420 665 1460 notion‘em
694 1417 874 1470 adiungat
904 1419 955 1470 5).
1013 1419 1236 1458 Hauthalius
1256 1418 1290 1471 6)
1311 1450 1320 1466 ,
1340 1421 1407 1471 qui
1436 1421 1527 1458 item

335 1494 525 1545 vulgatam
547 1500 648 1531 recte
669 1493 884 1539 vindicavit,
906 1494 1060 1532 alteram
1080 1494 1297 1541 lectionem,
1320 1503 1362 1533 ut
1381 1509 1400 1533 e
1416 1495 1529 1533 simili

334 1567 605 1618 significatione
634 1568 739 1605 verbi
766 1574 897 1606 exstet
924 1577 1067 1615 natam,
1095 1583 1115 1607 e
1143 1557 1227 1608 loco
1247 1570 1469 1622 Hieronymi
1489 1572 1528 1608 in

335 1647 480 1678 textum
508 1640 695 1692 irrepsisse
725 1642 949 1688 arbitratur,
970 1643 1201 1682 Priscianum
1230 1652 1357 1682 autem
1385 1658 1529 1683 memo-

336 1716 412 1754 riae
458 1723 606 1754 tantum
650 1716 756 1769 lapsu
777 1722 973 1770 protenso
1003 1717 1161 1757 dedisse.
1234 1718 1400 1764 Deinde,
1443 1719 1530 1757 licet

380 1852 408 1891 1)
451 1852 522 1892 pag.
547 1854 599 1881 89.

378 1905 409 1944 ²)
453 1905 490 1934 In
513 1905 623 1935 Annot.
646 1904 719 1935 crit.
743 1904 779 1935 ad
802 1904 834 1935 h.
857 1916 885 1935 v.
909 1916 976 1947 pag.
1001 1907 1051 1936 12.

378 1957 407 1999 3)
451 1960 488 1990 In
511 1957 645 2000 Prolegg.
669 1970 737 2001 pag.
761 1960 880 2000 CXCV,
903 1958 939 1990 cf.
964 1960 1086 1990 CCXIV.

379 2012 405 2054 ¹⁶)
450 2014 525 2044 Nam
538 2037 547 2053 ,
583 2024 682 2056 quum
715 2014 890 2057 ceteroquin
926 2026 1024 2058 neque
1046 2027 1065 2046 a
1086 2014 1219 2046 Passovio
1242 2025 1339 2058 neque
1361 2027 1378 2046 a
1401 2014 1525 2054 lahnio,

332 2068 387 2111 qni
398 2073 502 2098 tamen
514 2068 687 2099 Passoviana
699 2067 791 2100 huius
804 2069 912 2100 codicis
923 2069 1084 2101 collatione
1107 2081 1179 2101 usus
1195 2075 1239 2101 est
1248 2094 1257 2110 ,
1281 2070 1397 2101 mentio
1410 2069 1468 2101 fiat
1490 2069 1527 2100 ad

333 2121 365 2153 h.
388 2120 411 2155 l.
434 2122 472 2153 de
496 2121 624 2155 lectione
646 2123 708 2154 cod.
733 2124 823 2155 Goth.
837 2149 847 2165 ,
870 2125 963 2156 unius
986 2123 1155 2156 Heinrichii
1177 2124 1214 2155 de
1236 2124 1293 2155 hoc
1315 2124 1414 2156 codice
1437 2124 1530 2155 silen—

332 2178 415 2208 tium
437 2189 499 2208 non
522 2178 603 2209 tanti
625 2184 691 2219 est,
715 2185 752 2209 ut
777 2179 839 2210 ideo
862 2179 924 2210 iam
948 2184 1136 2218 statuamus,
1160 2179 1254 2210 etiam
1277 2179 1311 2210 in
1334 2190 1368 2210 eo
1390 2178 1453 2209 cod.
1477 2189 1527 2209 ex-

332 2237 411 2263 stare
429 2240 596 2273 protenso.
620 2232 792 2263 Lectionem
811 2243 997 2274 propense,
1020 2243 1113 2275 quam
1137 2233 1251 2264 Hautb.
1284 2233 1305 2264 l.
1329 2233 1418 2264 modo
1440 2233 1462 2263 l.
1486 2231 1528 2263 af-

332 2284 390 2317 fert
411 2297 448 2317 ex
469 2286 533 2317 cod.
557 2289 644 2318 Bern.
668 2299 699 2318 11.
724 2290 788 2319 648
811 2287 913 2329 (Iahn.
937 2288 960 2317 Β
985 2287 1052 2327 4.),
1075 2298 1138 2318 non
1160 2287 1305 2318 indicavit
1328 2287 1413 2318 Iahn.

378 2340 407 2379 5)
451 2341 488 2370 In
500 2340 596 2370 simili
609 2352 641 2371 re
652 2343 736 2371 Suet.
749 2341 837 2372 dixit:
863 2354 881 2371 2)
894 2346 1001 2372 ventre
1023 2341 1188 2384 proiecto‚’⁷
1209 2341 1242 2372 in
1262 2340 1315 2370 vit.
1340 2341 1407 2371 Ner.
1420 2351 1446 2370 c.
1458 2341 1505 2370 LI.
1515 2364 1524 2379 ,

332 2393 408 2425 etin
430 2393 485 2424 vit.
510 2393 570 2425 Tit.
593 2405 618 2425 c.
644 2396 698 2425 111:
721 2407 739 2424 »
752 2400 858 2425 ventre
877 2394 982 2438 paullo
1004 2395 1179 2438 proiectiore
1192 2397 1223 2435 ,”
1240 2393 1353 2438 quibus
1375 2394 1525 2438 prioribus

330 2447 468 2480 Suetonii
491 2447 589 2480 verbis
622 2447 784 2480 adhibetur
806 2454 907 2481 noster
930 2460 1031 2481 versus
1054 2461 1070 2481 a
1095 2449 1222 2490 Iahnio;
1246 2461 1325 2481 num
1349 2456 1447 2490 recte,
1470 2449 1525 2480 du-

331 2502 414 2542 hit03
438 2503 472 2534 in
495 2503 630 2548 Prolegg.
655 2516 683 2548 p.
708 2505 828 2536 LXXIX
844 2528 853 2544 ‚
877 2510 949 2536 nota
973 2506 1001 2534 1.

377 2557 405 2598 ⁶)
451 2559 518 2600 Pag.
543 2561 617 2590 632.
