1857 3113
874 247 921 282 61

309 370 490 411 perquam
521 354 612 396 boni
640 352 815 392 exhibent
844 360 969 393 tamen
996 354 1244 407 plurimorum
1275 353 1388 392 lectio
1419 351 1495 391 ool«

307 433 434 470 luerz's
461 431 640 469 maiorem
667 429 820 482 periodo
849 427 1023 466 conciliat
1056 429 1361 466 concinnitatem.

363 506 426 543 19.
484 517 605 555 neque
632 504 735 555 voce]
782 503 831 541 H.
863 502 890 540 l.
921 502 1093 540 codicum
1121 502 1297 540 lectiones
1325 514 1392 538 nos
1419 500 1496 537 fere

308 578 487 630 ancipites
515 577 761 629 relinquunt,
804 582 847 613 ut
875 557 1182 612 dubites⁷utrum
1210 576 1288 626 ΜΡ.
1310 603 1319 619 ,
1351 574 1462 611 Rom.
1484 602 1494 617 ,

307 651 475 699 Ebner.‚
507 652 592 691 Put.
629 659 666 690 et
694 652 801 692 Voss,
836 652 870 689 l.
913 650 1174 689 auctoritatem
1208 656 1356 688 secutus
1396 648 1495 700 legas

306 738 375 763 nec
392 739 495 771 voce,
519 739 564 763 an
595 739 680 763 cum
711 725 885 763 omnibus
914 725 1068 775 reliquis
1089 726 1121 773 Ι)
1151 738 1273 775 neque
1301 736 1404 768 voce,
1436 723 1498 759 cui

306 800 451 851 Bong.,
493 807 652 850 uterque
696 798 819 837 Guelf.
852 805 889 835 et
917 796 1023 835 Leid.
1056 797 1195 835 favent.
1254 796 1309 834 De
1348 794 1499 849 optimis

308 871 585 909 Trevirensibus
630 886 707 909 non
752 878 897 909 constat
938 872 986 922 2).
1062 872 1173 921 Quod
1215 879 1341 908 autem
1387 868 1495 907 Orel—

305 946 375 984 lius
418 947 452 997 3)
497 946 785 992 animadvertit,
830 945 866 983 in
908 945 1084 983 Lucretio
1114 954 1151 984 et
1181 945 1386 989 Cicerone,
1428 941 1495 981 hos

306 1021 403 1058 inter
452 1027 652 1071 utramque
703 1021 862 1058 formam
915 1018 1123 1064 alternari,
1177 1019 1215 1056 id
1262 1033 1349 1057 vero
1395 1017 1496 1071 apud

305 1094 473 1132 Persium
502 1106 577 1130 non
606 1093 733 1131 locum
761 1093 899 1131 habere
927 1100 1050 1145 patet,
1081 1093 1149 1145 qui
1174 1094 1319 1147 saepius
1347 1106 1416 1130 nec
1442 1114 1496 1121 —-·

304 1181 374 1206 nec
417 1168 572 1220 posuit,
615 1168 682 1205 ubi
717 1168 823 1205 binas
863 1167 1066 1219 particulas
1105 1167 1319 1205 alternatim
1358 1179 1498 1218 ponere

303 1249 491 1295 potuerat.
562 1241 680 1279 Recte
708 1240 821 1278 etiam
849 1239 979 1278 Heinr.
1012 1240 1049 1291 4)
1080 1240 1125 1278 ad
1155 1241 1256 1282 Prol.
1301 1255 1336 1279 v.
1369 1242 1392 1278 2
1421 1254 1498 1279 non

304 1317 400 1353 tanti
427 1315 516 1353 fecit
544 1315 878 1367 grammaticorum
923 1315 1115 1367 regulam,
1148 1322 1189 1352 ut
1218 1329 1261 1353 eo
1288 1315 1372 1353 loco
1402 1313 1495 1352 cun-

304 1397 477 1436 ctorum,
508 1402 582 1426 uno
612 1396 795 1441 excepto,
834 1387 1007 1427 codicum
1037 1389 1236 1427 lectionem
1266 1390 1496 1441 relinqueret

304 1470 342 1501 et
370 1475 457 1500 cum
486 1463 611 1500 Reizio
645 1474 767 1513 neque
804 1461 958 1513 legeret.
1017 1462 1123 1500 Idem
1153 1463 1283 1500 Heinr.
1315 1476 1352 1500 v.
1377 1463 1493 1512 21·5)

301 1551 370 1590 pro
399 1537 466 1574 αὖε·
492 1536 633 1590 recepit
660 1549 703 1573 ex
740 1535 894 1587 antiqua
934 1534 1097 1574 editione
1126 1537 1204 1574 sine
1234 1550 1267 1574 a.
1300 1543 1337 1573 et
1365 1536 1392 1574 l.
1423 1540 1492 1582 ut,

304 1610 350 1648 ad
388 1610 580 1649 elisionem
622 1608 834 1648 evitandam
853 1639 863 1655 ,
908 1624 1022 1663 quam
1055 1618 1182 1649 tamen
1224 1611 1370 1649 Persius
1398 1611 1497 1650 inter

301 1763 351 1795 Sic
363 1763 529 1795 seeundum
541 1766 669 1797 Passovii
681 1766 841 1797 silentium
852 1766 887 1797 in
899 1766 982 1798 codd.
1006 1768 1135 1798 Monacc.
1149 1769 1167 1797 1
1182 1770 1213 1797 et
1225 1767 1245 1795 2
1257 1771 1388 1797 exstaret
1400 1766 1500 1796 collu-

302 1819 388 1858 erit‚
419 1830 518 1862 quum
547 1819 671 1851 Iahnius
692 1832 727 1852 cx
746 1820 782 1851 iis
803 1822 846 1861 (M
867 1822 897 1852 6.
915 1826 946 1852 et
966 1822 1011 1862 4.)
1039 1820 1166 1852 alteram
1184 1818 1298 1863 profert
1321 1819 1494 1851 lectionem.

347 1873 375 1912 ¹)
420 1872 497 1903 Male
520 1873 646 1905 Teuffel.
669 1875 703 1905 in
726 1886 803 1905 cens.
826 1874 848 1904 1.
871 1886 938 1917 pag.
965 1875 1048 1913 773,
1071 1874 1147 1905 dicit
1178 1876 1388 1906 Hermannum
1411 1885 1497 1917 prae·

301 1924 377 1956 ferre
388 1936 466 1964 nec,
490 1926 544 1968 qui
566 1926 599 1957 in
622 1927 741 1969 Disput.
765 1930 828 1970 III¹7
852 1938 919 1970 pag.
942 1930 962 1958 5
986 1927 1058 1958 satis
1081 1926 1160 1958 clare
1183 1928 1311 1959 alteram
1335 1928 1497 1961 lectionem

301 1980 501 2012 commendat.
558 1984 595 2013 In
628 1981 852 2025 antiquioribus
886 1987 990 2013 autem
1024 1981 1226 2022 editionibus,
1261 1994 1334 2025 quas
1364 1982 1497 2015 contulit

301 2034 505 2075 nauthalius‚
529 2035 688 2075 omnibus,
711 2036 849 2079 quinque
872 2041 999 2067 tantum
1021 2036 1170 2078 exceptis,
1193 2037 1311 2080 legitur
1334 2049 1403 2068 nec.

347 2089 375 2132 ²)
420 2092 463 2122 Ex
485 2089 556 2121 edit.
579 2090 663 2121 enim
686 2090 789 2122 Heinr.
814 2096 897 2135 patet
920 2090 953 2121 in
978 2090 1041 2122 cod.
1064 2091 1149 2122 Trev.
1172 2093 1201 2122 1.
1226 2098 1340 2124 exstare
1362 2104 1443 2131 nec,·
1464 2103 1499 2124 ex

301 2146 343 2176 Tr
364 2147 395 2176 2.
418 2151 522 2177 autem
544 2157 650 2187 neque
672 2145 808 2177 affertur.
867 2147 976 2177 Contra
1009 2151 1093 2187 patet
1115 2157 1150 2176 ex
1173 2148 1276 2177 Herm.
1300 2147 1334 2177 in
1358 2149 1444 2178 Trev.
1467 2149 1498 2178 2.

302 2198 364 2241 legi
397 2211 475 2239 nec,
509 2205 540 2231 et
574 2199 740 2231 secundum
762 2199 847 2231 Iahn.
871 2201 913 2231 Tr
935 2202 964 2230 1.
988 2198 1080 2230 habet
1103 2211 1218 2242 neque.
1276 2200 1428 2232 Passovius
1462 2200 1498 2231 de

301 2252 384 2283 codd.
409 2253 488 2284 silet.

347 2306 375 2348 ⁸)
420 2307 467 2337 Ad
490 2307 548 2338 Cic.
572 2309 655 2339 Orat.
680 2319 704 2339 c.
728 2311 787 2349 lv,
811 2310 838 2350 §.
862 2311 924 2348 143
947 2307 983 2339 cf.
1003 2307 1097 2339 etiam
1119 2308 1235 2340 Peerlk.
1255 2308 1293 2339 ad
1316 2310 1386 2340 Hor.
1399 2309 1497 2340 Carm.

302 2362 366 2402 111,
390 2363 451 2402 12,
475 2363 507 2392 1.
646 2404 649 2406 Ι
1097 2374 1101 2378 -

346 2414 374 2457 *)
419 2418 489 2460 Pag.
513 2418 574 2457 68,
597 2415 652 2448 ubi
674 2416 707 2448 in
730 2415 811 2448 linea
834 2417 878 2448 1⁷
899 2428 953 2460 pro
979 2417 1076 2449 altero
1097 2428 1219 2459 neque,
1256 2428 1356 2450 errore
1377 2416 1500 2451 fortasse

301 2471 518 2514 typographico
539 2472 654 2516 posito,
677 2470 797 2514 legatur
819 2482 887 2502 nec.
911 2470 955 2505 cf.
978 2472 1058 2505 idem
1082 2472 1119 2504 ad
1142 2484 1173 2504 n.
1197 2472 1219 2505 l.
1243 2484 1310 2516 pag.
1335 2474 1387 2504 82.

347 2523 375 2565 ⁸)
421 2526 491 2568 Pag.
516 2528 566 2559 82.
