1857 3113
917 306 965 340 54

337 420 462 445 versus
477 407 743 446 distinxerunt.
776 409 911 448 Poetae
927 416 1093 449 mentem
1109 412 1251 464 optime
1267 410 1535 450 intellexerunt

337 483 530 521 Passorius
563 481 612 532 1),
644 480 824 529 Orellius,
857 484 902 522 G.
936 483 980 522 Ε.
1013 482 1202 522 Weberus
1219 485 1258 522 in
1288 485 1453 523 versione
1480 485 1533 535 2),

338 564 375 595 et
403 556 623 608 nuperrime
651 554 830 603 Iahnius,
862 558 930 608 qui
958 571 1086 596 omnes
1108 558 1223 596 verba
1242 572 1352 597 nemo
1376 558 1537 596 hercule

337 628 543 674 monitori,
592 628 658 679 qui
686 628 848 676 dicitur,
879 629 1137 669 abiudicantes
1166 633 1201 669 ei
1230 644 1388 683 sequens
1425 643 1535 669 nemo

337 704 541 751 tribuunt;
572 711 615 742 ut
645 704 758 741 verba
789 704 856 742 tali
883 705 998 743 modo
1027 705 1313 759 dispescantur:

384 811 402 829 ))
415 798 491 840 Quis
513 797 596 842 leget
619 797 693 829 haee
707 799 744 829 ’.>”
768 797 841 829 Min’
866 803 903 830 tu
914 798 999 831 istud
1009 799 1077 831 ais?
1102 801 1194 831 Nemo
1205 798 1338 831 hercule.
1364 810 1382 829 »
1394 798 1486 829 Nemo
1495 798 1532 828 ?”

383 863 439 894 Vel
461 863 540 903 duo,
563 863 612 894 vel
634 873 733 893 nemo·
781 865 913 906 »Turpe
935 869 966 895 et
988 864 1191 895 miserabile.'’
1238 866 1365 905 Quare?

336 947 393 985 Ita
423 953 525 985 recte
563 959 601 984 se
641 944 783 982 habent
822 946 946 983 omnia
989 954 1027 984 et
1068 946 1166 984 bene
1205 946 1377 1000 procedit
1416 946 1535 984 dialo-

336 1034 417 1073 gus.
479 1020 682 1057 Teuffelius
712 1020 746 1071 3)
780 1034 866 1058 vero
889 1020 1004 1058 verba
1034 1022 1085 1058 sic
1114 1021 1313 1067 describit,
1345 1029 1389 1058 ut
1418 1020 1534 1059 collo-

336 1094 536 1146 quentium
580 1093 734 1146 singulis
775 1093 944 1146 singulae
984 1096 1261 1135 enuntiationes
1302 1097 1532 1137 tribuantur.

337 1169 457 1219 Atqui
475 1168 589 1207 verba
609 1174 727 1221 turpe
756 1175 796 1206 et
823 1169 1070 1216 miserabile,
1100 1184 1197 1222 quae
1226 1171 1277 1208 sic
1304 1179 1437 1224 poetae
1467 1172 1535 1210 tri-

337 1242 531 1290 buuntur,
562 1251 649 1281 sunt
668 1244 794 1295 potius
813 1243 1028 1290 adversarii,
1061 1245 1305 1296 significantis
1334 1259 1450 1297 quam
1468 1260 1535 1299 pa-

337 1329 424 1354 rum
466 1315 555 1354 inde
596 1317 738 1368 gratiae
780 1325 817 1355 et
854 1316 1006 1355 honoris
1046 1325 1158 1370 poeta
1192 1326 1439 1371 percepturus
1474 1321 1532 1358 sit.

337 1389 552 1429 Casauboni
595 1389 901 1429 distributionem
940 1403 1067 1429 rursus
1101 1392 1379 1432 commendavit
1417 1391 1535 1431 Hein-

335 1465 476 1503 richius
505 1464 540 1516 4)
561 1494 572 1511 ,
604 1465 656 1502 ita
685 1478 723 1502 se
752 1463 979 1503 habentem:

381 1606 410 1646 ¹)
456 1606 525 1648 Pag.
549 1607 632 1646 238,
656 1615 719 1648 sqq.
734 1627 743 1644 ‚
767 1604 823 1648 qui
845 1603 1021 1635 omninode
1042 1603 1075 1635 h.
1088 1604 1110 1635 l.
1135 1604 1338 1636 consulendus
1360 1611 1536 1648 est,quum

336 1658 470 1691 Orellius
492 1665 523 1690 et
545 1658 671 1691 Iahnius
694 1659 843 1701 optimam
866 1656 1053 1690 solummodo
1079 1658 1230 1691 dederunt
1251 1659 1492 1691 distinctionem.

382 1712 411 1753 2)
456 1712 514 1743 Ubi
537 1713 571 1743 in
590 1712 742 1755 plerisque
764 1712 968 1743 recensionem
990 1718 1111 1743 secutus
1133 1719 1178 1744 est
1191 1713 1391 1752 Orefflanam,
1414 1719 1451 1743 ut
1473 1713 1538 1755 ipse

335 1771 489 1807 testatur,
524 1778 592 1810 pag.
627 1768 693 1797 168
716 1777 759 1810 sq.
805 1765 872 1797 Vid.
896 1765 989 1796 etiam
1012 1766 1228 1810 Bilderdykius
1250 1772 1373 1806 noster,
1396 1766 1429 1797 in
1452 1776 1536 1809 prae-

335 1820 415 1852 clara
439 1821 561 1864 Belgica
583 1821 675 1852 Persii
698 1821 870 1852 Satirarum
893 1820 1086 1860 imitatione,
1105 1821 1160 1863 qui
1177 1820 1302 1852 eandem
1324 1820 1355 1852 h.
1368 1820 1390 1851 1.
1414 1818 1536 1851 exhibet

335 1886 532 1918 personarum
555 1874 817 1915 distributionem,
840 1874 891 1906 sed
913 1885 983 1905 mox
995 1873 1103 1905 verba:
1127 1875 1294 1916 Nuqae—
1307 1874 1355 1910 ΑῘι
1369 1875 1420 1915 (ut
1430 1873 1537 1917 legisse

335 1930 470 1971 videtur)
483 1930 581 1962 denuo
592 1930 737 1962 monitori
762 1929 881 1961 tribuit.
929 1927 971 1959 Cf.
994 1928 1087 1960 etiam
1111 1928 1238 1960 Teuffel.
1262 1940 1328 1972 pag.
1353 1931 1405 1960 94.
1450 1927 1536 1959 Idem

336 1985 399 2015 iam
428 1990 517 2016 antea
539 1984 650 2016 fecerat
673 1984 824 2024 Bondius⁷
846 1984 935 2015 cuius
956 1982 1050 2013 etiam
1073 1983 1107 2014 in
1130 1983 1257 2027 reliquis
1279 1994 1400 2027 prorsus
1421 1983 1535 2015 dissen-

337 2038 468 2068 tientem
490 2037 740 2068 distributionem
762 2037 813 2067 hic
834 2045 981 2078 apponere
1007 2035 1115 2066 lubet:

427 2092 454 2122 O
475 2101 561 2122 curas
583 2089 766 2122 hominum!
791 2091 817 2121 Ο
839 2094 992 2133 quantum
1014 2093 1060 2118 est
1082 2088 1116 2119 in
1139 2088 1226 2120 rebus
1248 2090 1357 2121 inane!

427 2144 504 2185 Quis
514 2144 596 2187 leget
607 2144 695 2176 haec?
719 2146 757 2175 Μ.
770 2144 847 2175 min'
859 2149 897 2175 tu
908 2141 992 2174 istud
1003 2142 1045 2173 ais
1054 2144 1069 2173 ?
1092 2153 1182 2173 nemo
1194 2143 1329 2175 Hercule.
1341 2144 1372 2173 P.
1386 2144 1491 2174 nemo?

427 2200 465 2231 M.
490 2198 545 2231 Vel
567 2199 649 2240 duo,
672 2199 720 2230 vel
742 2210 840 2231 nemo.
863 2200 895 2229 P.
919 2203 1012 2240 turpe
1034 2202 1066 2228 et
1088 2196 1269 2228 miserabile.
1293 2198 1330 2228 M.
1354 2197 1477 2238 Quare?

426 2256 458 2286 Ρ.
482 2255 525 2286 Ne
546 2254 625 2286 mihi
648 2253 824 2298 Polydamas
837 2278 847 2295 7
869 2259 900 2286 et
923 2252 1064 2285 Troiades
1085 2252 1253 2286 Labeonem

424 2308 642 2341 Praetulerint.
666 2328 709 2333 —

382 2367 411 2406 ³)
456 2367 525 2408 Pag.
549 2367 612 2405 92,
637 2363 706 2396 coll.
730 2366 772 2395 55
795 2364 829 2395 in
851 2369 932 2395 nota.
978 2365 1026 2395 Ita
1049 2363 1102 2395 hos
1125 2374 1228 2396 versus
1249 2363 1423 2395 constituit:

426 2420 524 2450 »Wer
535 2418 606 2450 liest
616 2418 822 2450 Solcherlei?''
834 2419 900 2450 Gilt
909 2418 962 2450 das
974 2419 1051 2450 mir?
1064 2419 1164 2450 »Kein
1172 2418 1345 2461 Einziger.”
1354 2417 1463 2449 Meinst
1473 2415 1534 2447 du?

424 2486 442 2504 »
456 2473 565 2513 Einer,
576 2472 733 2504 vielleicht
745 2471 824 2505 auch
836 2473 979 2505 Keiuer.⁷’
1004 2474 1063 2506 Ein
1081 2471 1226 2515 Schimpf
1238 2472 1304 2504 und
1325 2472 1375 2502 ein
1387 2472 1532 2501 lammer!

1179 2519 1181 2521 ¹
1204 2528 1239 2568 (»
1251 2527 1383 2558 Warum
1405 2524 1483 2557 diess
1495 2526 1532 2557 ?’‘

374 2582 402 2622 ⁴)
448 2584 518 2625 Peg.
545 2583 584 2613 '74
600 2606 609 2622 7
637 2591 702 2624 sqq.
749 2579 883 2612 Eandem
907 2582 1001 2614 etiam
1036 2581 1160 2614 exhibet
1188 2580 1351 2621 Plumius,
1387 2579 1535 2624 probante
