1857 3113
915 287 964 321 70

334 392 574 431 solummodo
605 391 766 429 Calvum
794 390 965 428 nominat
998 390 1030 440 1)
1052 419 1061 434 ,
1108 389 1171 427 sed
1201 389 1254 426 ibi
1283 394 1448 426 oratores
1477 401 1536 425 re-

332 473 459 503 censet
487 466 556 516 qui
584 465 699 503 etiam
728 465 861 516 poesin
890 464 1152 502 excoluerunt.
1213 463 1291 502 Ubi
1319 475 1407 499 vero
1436 461 1535 512 apud

330 538 433 576 hunc
462 546 499 577 et
528 538 619 576 alios
648 538 846 590 scriptores
873 535 1045 575 Catullus
1075 544 1112 574 et
1141 534 1278 574 Calvus
1307 541 1533 579 occurrunt,

334 620 399 651 aut
428 612 475 652 de
519 614 687 666 ipsorum
727 612 883 665 poeticis
925 611 1054 650 studiis
1098 625 1220 649 sermo
1259 618 1341 656 est,
1384 617 1450 648 aut
1487 608 1537 647 de

331 689 492 726 aliorum
523 701 586 725 eos
628 687 803 725 imitandi
848 687 997 733 studio,
1045 686 1149 737 quod
1194 686 1348 737 quidem
1376 699 1419 723 ex
1448 685 1539 737 ipsis

333 762 456 800 verbis
502 761 697 800 manifeste
739 769 925 816 apparet3
968 761 1032 800 sed
1070 774 1259 813 nusquam
1300 760 1352 798 ita
1398 766 1440 797 ut
1480 757 1538 796 illi

333 838 542 876 imitatores
582 837 847 883 derideantur,
888 837 958 875 nisi
997 837 1036 875 in
1065 837 1149 875 loco
1178 836 1352 881 Horatii,
1383 834 1451 873 uhi
1480 843 1537 873 ta-

334 926 421 950 men
465 926 540 950 non
583 912 631 950 de
673 913 889 956 imitatore,
942 911 1005 949 sed
1052 911 1100 948 de
1142 912 1342 948 recitatore
1388 918 1537 948 tantum

333 1000 455 1024 sermo
486 993 541 1024 est
571 986 639 1037 qui
669 984 777 1023 Calvi
805 992 843 1023 et
872 983 1014 1023 Catulli
1039 984 1206 1022 carmina
1236 992 1388 1023 cantare
1405 984 1539 1022 doctus

333 1070 426 1100 erat.
489 1060 679 1112 Quicquid
709 1068 837 1099 autem
866 1068 920 1098 est
938 1090 948 1106 ,
983 1060 1054 1098 hoc
1081 1060 1164 1098 loco
1191 1058 1298 1097 nulla
1326 1066 1381 1097 est
1409 1072 1538 1097 caussa

333 1150 401 1174 cnr
433 1150 509 1174 non
543 1134 666 1173 Calve
684 1165 693 1181 ‚
738 1136 767 1172 si
806 1149 944 1173 nomen
972 1135 1170 1187 proprium
1200 1135 1275 1180 sit,
1318 1134 1442 1186 potius
1469 1146 1538 1185 pro

334 1224 422 1248 vero
465 1210 617 1247 nomine
662 1208 868 1246 habeamus
910 1209 1012 1247 illius
1053 1217 1188 1261 poetae
1229 1223 1345 1261 quem
1391 1209 1539 1248 Persius

337 1282 526 1328 traducat,
558 1295 671 1333 quam
702 1295 771 1333 pro
799 1290 1012 1332 personato,
1039 1281 1085 1320 de
1102 1296 1180 1333 quo
1209 1282 1305 1321 nihil
1334 1297 1377 1321 ex
1404 1291 1539 1335 poetae

336 1358 458 1396 verbis
486 1357 584 1395 effici
612 1364 736 1408 potest
783 1356 825 1393 In
862 1357 1089 1409 appellativo
1110 1365 1236 1395 autem
1265 1359 1377 1395 calve
1394 1371 1537 1409 nequa-

337 1445 451 1484 quam
485 1431 631 1469 dativus
659 1443 729 1482 pro
759 1431 929 1468 vocativo
957 1431 1144 1483 poscitur3
1176 1432 1323 1484 saepius
1350 1432 1452 1470 enim
1479 1433 1538 1470 in-

335 1506 504 1546 teriectio
527 1519 549 1543 ο
579 1505 782 1552 omittitur,
803 1519 934 1557 quam,
966 1506 995 1544 si
1024 1506 1251 1558 cogitatione
1279 1507 1536 1560 suppleamus,

337 1582 433 1621 nihil
452 1589 508 1619 est
528 1580 630 1632 quod
650 1581 829 1619 offendat.
860 1581 995 1633 Neque
1014 1595 1101 1619 vero
1116 1589 1249 1633 poetae
1268 1582 1381 1620 obiici
1398 1589 1538 1635 potest,

336 1655 438 1706 quod
466 1654 647 1706 probrosa
675 1655 746 1693 hac
778 1655 1033 1708 appellatione
1074 1657 1185 1693 calve
1213 1656 1379 1694 eiusdem
1410 1656 1536 1694 crimi-

337 1728 394 1766 nis
424 1741 530 1765 reum
563 1742 600 1765 se
640 1728 778 1774 faciat,
819 1729 924 1779 quod
953 1730 991 1767 in
1036 1730 1116 1767 aliis
1147 1737 1253 1767 notat
1282 1744 1333 1767 vs.
1368 1731 1442 1767 128
1472 1729 1507 1780 2)
1525 1745 1536 1767 z

339 1801 511 1840 »Lusco
538 1802 606 1853 qui
632 1803 748 1854 possit
777 1803 901 1841 dicere
930 1802 1085 1840 lusce!''
1143 1803 1326 1841 Luscitz‘o
1354 1804 1456 1842 enim
1484 1812 1538 1842 est

336 1876 470 1914 vitium
499 1882 687 1922 naturae;
733 1878 940 1914 calvitium
978 1890 1086 1928 saepe
1114 1877 1303 1923 luxuriae,
1345 1885 1383 1916 et
1411 1885 1538 1917 nostro

383 2064 410 2103 1)
456 2064 558 2105 Neque
574 2086 583 2102 ‚
607 2068 643 2092 ut
663 2074 716 2106 per
739 2074 769 2094 se
791 2069 896 2106 patet,
920 2064 970 2094 hic
994 2064 1097 2095 valent
1120 2065 1196 2106 loci,
1220 2065 1274 2096 ubi
1298 2065 1407 2096 Calvus
1429 2065 1462 2096 in
1485 2067 1537 2096 Ca·

337 2117 414 2149 tulli
437 2115 624 2147 carminibus
647 2117 845 2157 nominatur-3
871 2129 969 2162 neque
991 2118 1065 2158 alii,
1088 2130 1136 2149 ex·
1158 2131 1202 2162 gr.
1229 2120 1288 2151 Cic.
1305 2120 1342 2151 ad
1355 2120 1441 2151 Divv.
1465 2121 1537 2159 vll,

339 2174 403 2211 243
426 2173 512 2202 Suet.
535 2171 569 2202 in
592 2171 645 2202 vit.
670 2173 748 2204 Caes.
773 2174 888 2213 XL1X3
915 2172 993 2204 Gell.
1017 2174 1082 2214 IX,
1107 2175 1171 2213 12,
1195 2185 1293 2217 neque
1317 2174 1341 2205 ii
1368 2173 1422 2205 ubi
1445 2173 1482 2205 de
1504 2185 1539 2205 eo

338 2231 456 2258 oratore
479 2226 593 2268 agitur.

385 2281 412 2322 ²)
458 2283 494 2312 In
517 2281 590 2312 edit.
614 2282 676 2311 Sat.
700 2283 714 2311 I
728 2305 737 2321 ,
760 2292 827 2324 pag.
854 2283 917 2321 39,
943 2292 985 2324 sq.
1010 2280 1194 2312 Hauthalius
1217 2282 1345 2312 Luscus
1366 2281 1458 2313 aliter
1487 2293 1537 2313 ex-

340 2339 499 2382 plicuerat.
547 2342 690 2371 »Luscus
712 2359 754 2363 —
778 2340 883 2384 inquit
906 2359 949 2365 —
973 2339 1004 2371 h.
1030 2340 1050 2370 l.
1075 2351 1135 2371 non
1170 2347 1214 2372 est
1241 2336 1533 2385 μονόφθαλμος,

341 2397 647 2445 ἑτερόφθαλμος,
673 2403 789 2443 sedis,
824 2403 880 2447 qui
911 2403 1046 2434 alterum
1077 2403 1269 2446 (sinistrum)
1298 2404 1424 2437 oculum
1454 2405 1537 2436 elau-

340 2462 383 2493 sit
405 2480 448 2486 -
473 2473 544 2504 prae
577 2469 665 2494 metu
695 2462 864 2494 accedentis
902 2462 1008 2494 aedilis
1042 2461 1207 2502 fastidiosi,
1231 2483 1273 2487 —
1297 2462 1345 2494 vel
1375 2461 1420 2502 is,
1450 2463 1538 2495 cuius

338 2515 539 2560 supercilium
563 2515 664 2546 salit.'’
701 2516 758 2547 Sed
781 2522 903 2560 postea,
939 2523 975 2549 ut
998 2522 1083 2560 patet
1105 2528 1140 2548 ex
1164 2522 1314 2559 postrema
1336 2516 1401 2549 eius
1424 2516 1480 2550 hac
1500 2518 1538 2550 de

337 2582 370 2602 re
392 2570 600 2614 disputatione
613 2593 622 2609 ‚
647 2569 735 2601 illam
758 2570 1043 2613 interpretationem
1066 2571 1177 2602 merito
1199 2569 1336 2613 reliquit.
1530 2568 1532 2571 ’
