1857 3113
883 320 929 357 12

350 421 392 452 Ut
425 423 522 463 unio,
557 423 639 462 trio,
673 422 801 466 quadrio
831 424 964 465 (quarto
997 424 1105 466 Paris.)
1118 447 1128 464 ‚
1163 423 1253 455 senio.
1288 432 1369 454 nunc
1398 422 1500 467 appeb

348 483 424 516 latio
445 485 641 529 singulorum
662 491 784 519 mutata
806 492 853 518 est
875 486 915 518 et'
937 487 1082 520 unionem
1116 498 1223 519 canem
1236 511 1246 529 ‚
1279 487 1412 519 trionem
1441 498 1501 529 pu-

347 559 424 591 pum
437 573 447 589 ‚
481 549 683 593 quadrionem
717 552 981 593 (quaternionem
1011 553 1095 595 Par.)
1117 553 1273 585 senionem
1304 553 1378 594 (om.
1403 557 1434 583 et
1455 551 1500 583 la-

347 621 430 644 cuna
452 613 486 644 in
508 615 591 656 Par.)
614 620 808 648 vocaverunt.

357 674 433 714 Sed
453 678 567 715 etiam
586 678 676 717 alias
694 678 809 718 habet
829 680 1104 720 similitudines.
1137 680 1253 719 Velut
1273 693 1385 733 quae,
1408 686 1500 719 teste

305 749 438 789 Iahnio
471 752 525 803 1),
556 761 701 792 exstant
730 755 769 792 in
797 755 927 793 codice
956 756 1212 808 Bongarsiano
1242 756 1288 793 ad
1316 755 1397 795 Sat.
1428 754 1496 800 Vl,

308 826 359 863 28
387 827 502 866 etiam
528 828 568 866 in
595 842 639 866 eo
660 857 671 875 ,
700 828 875 881 paullum
903 838 1049 869 mutata
1071 860 1081 877 ,
1112 838 1337 878 occurrunt3

348 901 377 931 A
398 899 500 932 bruto.
524 901 562 933 ad
575 913 652 946 quae
665 902 819 945 quondam
836 902 899 935 fuit
910 902 1024 948 ligatus
1035 904 1157 937 brutus.
1181 911 1212 937 et
1224 905 1279 948 qui
1290 905 1335 937 ihi
1347 904 1500 949 proetium

348 963 422 1005 (sic)
445 975 518 995 cum
542 977 639 997 crasso
661 966 741 998 fecit.

356 1028 470 1067 Porro
507 1031 673 1069 concinit
710 1032 824 1084 plane
865 1033 912 1071 ad
939 1032 1018 1073 Sat.
1050 1033 1087 1080 I,
1120 1036 1159 1080 4,
1197 1046 1285 1072 cum
1321 1035 1364 1072 iis
1401 1047 1498 1087 quae

302 1101 361 1139 El.
394 1102 552 1141 Vinctus
592 1105 632 1142 in
661 1105 782 1158 Epist.
814 1107 1046 1160 autographa
1073 1107 1121 1144 ad
1150 1107 1192 1145 P.
1226 1107 1421 1145 Danielem
1461 1108 1496 1158 2)

301 1190 345 1214 ex
371 1178 500 1217 codice
530 1179 571 1218 Io
602 1179 703 1218 Tillii
728 1181 942 1219 Brionensis
978 1181 1171 1234 episcopi,
1201 1180 1248 1219 de
1281 1189 1393 1234 poeta
1424 1181 1497 1220 La-

301 1251 423 1290 beone
451 1253 572 1291 affert.
632 1255 834 1293 Vossianus
865 1258 883 1293 1
916 1269 959 1293 ea
988 1257 1039 1293 sic
1067 1255 1243 1294 exhibet:

343 1326 440 1358 Labeo
462 1333 550 1370 poeta
569 1327 686 1359 latinus
707 1328 791 1369 fuit,
814 1334 853 1360 ut
874 1328 1045 1371 fulgentius
1067 1328 1101 1359 in
1123 1327 1204 1359 libro
1226 1326 1495 1370 ethimologiarum

344 1393 389 1424 ait
411 1392 465 1437 qui
499 1404 622 1425 carmen
657 1398 689 1425 et
710 1404 785 1437 opus
818 1393 968 1426 omericon
993 1392 1087 1425 vertit
1109 1392 1144 1424 in
1166 1391 1303 1424 latinum
1325 1397 1357 1424 et
1379 1391 1498 1436 placuit

343 1468 405 1488 non
429 1457 528 1499 magis
550 1457 740 1489 auditoribus
762 1470 858 1501 quam
880 1457 1054 1489 lectoribus.
1100 1458 1175 1489 Eius
1208 1469 1310 1489 versus
1332 1464 1398 1489 est:
1422 1460 1498 1490 Cru·

348 1521 425 1554 dum
447 1523 609 1554 manduces
632 1524 786 1566 priamum
809 1524 1008 1568 priamusque
1030 1524 1179 1568 pisennos.

302 1603 400 1642 quae
420 1589 553 1627 eodem
574 1589 653 1627 fere
670 1590 784 1627 modo
810 1590 990 1642 leguntur
1008 1590 1047 1627 in
1064 1589 1183 1627 altero
1203 1588 1382 1627 Vossiano
1396 1619 1406 1635 ,
1429 1592 1495 1641 qui

300 1670 384 1715 post
392 1677 433 1700 ea
444 1676 541 1714 quae
553 1663 599 1701 de
609 1664 783 1701 Labeone
794 1664 832 1701 in
842 1663 943 1701 edito
952 1676 1102 1714 quoque
1115 1670 1273 1708 exstant,
1284 1663 1335 1699 sic
1348 1663 1486 1714 pergit:

341 1735 525 1778 Fulgentius
548 1735 582 1766 in
605 1735 685 1767 libro
707 1736 785 1767 mito
813 1735 966 1779 logiarum
989 1735 1064 1767 dicit
1086 1735 1166 1779 quod
1196 1734 1282 1766 labeo
1312 1733 1373 1766 fuit
1402 1741 1491 1778 poeta

340 1801 481 1840 latinus,
504 1801 560 1844 qui
582 1811 704 1831 carmen
734 1800 927 1831 homericum
956 1805 987 1830 et
1009 1811 1083 1842 opus
1105 1799 1270 1830 transtulit
1292 1800 1329 1830 de
1352 1811 1438 1843 greco
1461 1801 1495 1831 in

338 1864 474 1896 latinum
497 1870 529 1896 et
551 1864 669 1907 placuit
691 1877 753 1896 non
776 1865 874 1908 magis
897 1863 1106 1896 adulatoribus
1140 1875 1235 1907 qnam
1257 1863 1420 1896 lectoribus
1443 1876 1496 1908 po-

338 1930 517 1961 lidamantis
542 1931 613 1971 (sic)
637 1929 754 1961 scilicet
776 1935 808 1960 et
830 1929 1013 1961 mulieribus
1036 1928 1151 1960 latinis.

345 1995 449 2035 Num
485 2009 573 2033 vero
606 2009 648 2033 ea
678 2009 775 2046 quae
803 1995 842 2032 in
871 1996 1000 2033 codice
1041 1995 1143 2033 Tillii
1171 2002 1430 2033 memorantur
1456 1994 1491 2046 3)

294 2071 342 2109 ad
372 2069 452 2107 Sat.
484 2068 523 2108 II
541 2098 551 2114 ,
584 2070 633 2104 42
654 2097 663 2113 ,
708 2068 756 2106 de
784 2070 929 2105 tacetis
970 2081 994 2103 »
1015 2081 1112 2119 quae
1140 2068 1363 2120 Fulgentius
1391 2082 1493 2107 escas

293 2145 413 2198 regias
442 2156 520 2182 esse
550 2142 707 2181 scribit''
739 2150 781 2180 ut
809 2143 900 2180 dicit
930 2143 1088 2180 vinetus
1106 2143 1146 2180 in
1175 2144 1283 2196 epist.
1315 2143 1369 2189 1.,
1400 2157 1491 2181 con-

293 2220 448 2260 veniant
494 2232 581 2256 cum
624 2219 666 2256 iis
706 2231 802 2270 quae
843 2217 958 2256 habet
987 2217 1092 2256 Voss.
1127 2219 1144 2255 1
1178 2216 1224 2255 ad
1252 2216 1290 2255 h.
1322 2217 1349 2255 l.
1371 2247 1381 2263 ,
1429 2216 1492 2255 alii

290 2293 471 2340 videant,
518 2291 657 2345 quibus
698 2292 799 2330 illius
841 2291 980 2330 codicis
1008 2290 1232 2344 inspiciendi
1270 2291 1378 2344 copia
1414 2291 1488 2336 sit,

336 2431 364 2473 ¹)
410 2432 448 2461 In
470 2428 607 2472 Prolegg.
631 2439 699 2473 pag.
723 2429 875 2469 CXCVII,
898 2439 929 2460 n.
954 2430 985 2460 2.

334 2487 364 2527 ²)
411 2487 496 2515 Hanc
529 2483 698 2526 Epistulam
730 2484 885 2527 integram
919 2483 1021 2526 posuit
1054 2482 1141 2515 Iahn.
1180 2483 1215 2514 in
1250 2481 1386 2525 Prolegg.
1422 2492 1489 2524 pag.

288 2540 419 2578 CXV11;
443 2537 481 2569 cf.
506 2537 600 2567 etiam
620 2537 701 2567 idem
724 2549 792 2579 pag.
817 2540 906 2576 248,
930 2548 961 2567 n.
986 2540 1018 2568 5.

334 2592 362 2634 ⁸)
407 2591 451 2625 ef.
476 2589 563 2624 Iahn.
587 2590 622 2622 in
645 2589 781 2633 Prolegg.
805 2588 826 2621 l.
851 2588 872 2620 l.
