1857 3113
900 242 946 278 55

372 362 390 382 »
402 350 478 393 Quis
500 350 581 392 leget
603 347 719 380 haec?'’
744 348 816 380 Min'
829 352 866 379 tu
878 347 961 380 istud
979 347 1023 379 ais
1035 348 1050 378 ⁴?
1076 359 1093 378 2>
1106 348 1200 378 Nemo
1211 346 1335 379 hercule
1345 349 1373 377 !''
1398 348 1488 377 Nemo
1503 349 1515 376 Ρ

369 427 387 446 »
400 415 456 447 Vel
477 414 559 453 duo,
582 411 631 444 vel
654 422 759 453 nem0;
784 417 876 457 turpe
897 418 930 444 et
952 412 1161 446 miserabile!”
1185 413 1313 454 Quare?

324 514 344 537 a
382 512 459 551 qua
497 496 644 536 Reizius
690 497 722 549 ¹)
766 506 803 536 et
846 497 1050 551 Koenigius
1084 499 1119 549 2)
1160 505 1314 536 eatenus
1350 508 1513 535 recesse—

323 580 431 617 rant,
475 572 577 623 quod
612 571 779 623 primum
818 571 931 609 huius
974 572 1118 612 Satirae
1156 584 1302 611 versum
1336 570 1514 608 monitori

323 644 507 685 tribuant.
538 644 720 684 Similiter
747 644 972 683 Hauthalius
1003 646 1053 699 3),
1083 647 1151 699 qui
1179 644 1400 697 ceteroquin
1430 643 1512 681 lau-

323 721 449 759 datam
486 722 597 759 modo
640 720 920 758 distinctionem
957 720 1121 759 exhibet.
1186 721 1306 758 Aliter
1347 718 1513 768 denique

322 792 556 833 Duentzerus
601 794 637 847 4)
685 801 809 848 partes
851 792 1069 841 distribuit,
1115 794 1346 834 vocabulum
1403 805 1514 830 nemo

325 869 557 905 coniunctim
600 882 688 906 oum
731 868 903 920 proxime
944 869 1188 919 sequentibus
1227 869 1291 906 vel
1330 867 1407 905 duo
1453 868 1517 905 vel

321 954 430 979 nemo
446 942 619 990 ,“fPersio
656 941 838 980 tribuens.
887 940 991 979 Haec
1022 948 1150 979 autem
1180 942 1293 980 lectio
1322 940 1512 994 quodam-

321 1015 432 1053 modo
460 1018 635 1054 convenit
660 1029 748 1053 cum
779 1029 822 1054 ea
849 1028 965 1067 quam
991 1016 1065 1053 iam
1086 1016 1330 1054 casaubonus
1350 1016 1408 1067 5),
1430 1029 1510 1053 me-

320 1089 480 1127 moravit
508 1097 650 1129 exstare
672 1090 712 1128 in
737 1088 867 1128 codice
891 1088 1069 1136 Puteani‚
1095 1102 1163 1143 ego
1184 1090 1312 1128 inveni
1335 1090 1375 1127 in
1400 1088 1508 1127 Voss.

321 1164 359 1201 2.
390 1171 428 1200 et
456 1162 560 1201 dedit
589 1164 829 1202 Achaintrius
857 1162 910 1215 ⁶).
954 1163 1041 1202 Non
1069 1164 1276 1202 audiendus
1306 1172 1434 1203 autem
1463 1164 1509 1203 E.

322 1236 371 1276 G.
411 1235 599 1276 Weberus
633 1239 700 1290 7),
736 1239 803 1291 qui
837 1251 947 1279 versu
978 1238 1132 1277 demum
1165 1240 1213 1276 44
1255 1237 1417 1276 Satiram
1446 1252 1512 1277 no-

321 1317 436 1348 stram
464 1311 686 1363 dialogicam
705 1313 866 1350 formam
884 1312 1041 1350 induere
1061 1313 1260 1350 existimat.
1278 1335 1334 1343 —-
1348 1313 1468 1351 Versu
1488 1315 1510 1349 4

319 1392 404 1438 post
422 1385 623 1425 Pithoeum
643 1400 772 1424 omnes
786 1386 887 1438 quod
906 1388 1020 1425 sciam
1036 1386 1259 1440 interpretes
1278 1386 1420 1424 habent
1440 1398 1507 1431 ne,

317 1466 468 1511 praeter
496 1459 758 1498 Achaintrium
788 1458 822 1511 8)
853 1467 889 1497 et
916 1459 1178 1498 Heinrichium
1207 1460 1275 1511 qui
1308 1472 1384 1497 nae
1418 1459 1507 1497 scri-

318 1532 429 1573 bunt.
486 1533 560 1572 Sed
589 1535 772 1573 sententia
801 1542 838 1572 et
856 1533 969 1572 totius
987 1533 1062 1571 loci
1079 1541 1188 1573 tenor
1206 1534 1365 1572 suadent
1383 1534 1510 1586 potius

320 1614 364 1646 ut
392 1620 479 1645 eum
507 1607 696 1660 plerisque
740 1607 1009 1660 interpretibus
1041 1620 1090 1645 ne
1116 1607 1286 1660 legamus
1314 1607 1509 1645 intellecto

319 1682 438 1724 verbo
486 1682 699 1721 metuendi:
755 1684 916 1721 timeam
960 1682 1126 1722 ne....?
1175 1697 1300 1736 quam>
1339 1689 1509 1722 constru-

317 1862 460 1905 Pinzgero
492 1862 527 1893 in
561 1872 639 1892 cens.
673 1860 755 1892 laud.
777 1871 848 1903 pag.
883 1863 971 1901 293,
995 1872 1043 1905 sq.
1086 1862 1187 1892 Aliter
1209 1868 1313 1893 tamen
1335 1861 1372 1892 de
1394 1860 1509 1891 Plumii

316 1915 531 1948 distributione
564 1915 673 1946 statuit
694 1915 831 1946 Rjtterus
844 1939 853 1956 ,
876 1914 898 1946 1.
921 1915 943 1947 l.
966 1928 1033 1960 pag.
1057 1918 1119 1957 26,
1146 1917 1234 1948 cuius
1256 1915 1381 1947 libellus
1403 1914 1507 1946 eodem

317 1969 377 2002 fere
398 1976 534 2013 tempore
556 1980 628 2001 cum
650 1969 789 2012 Pinzgeri
810 1980 936 2002 censura
957 1971 993 2003 in
1014 1970 1115 2003 lucem
1137 1971 1257 2015 prodiit.

361 2025 391 2066 1)
435 2022 478 2055 Cf.
499 2026 613 2055 Passov.
636 2035 703 2067 pag.
726 2026 801 2056 239.

362 2077 392 2121 ²)
425 2070 476 2110 (In
498 2079 665 2110 Comment.
690 2089 757 2122 pag.
782 2080 834 2110 11.

362 2135 391 2176 ⁸)
435 2135 468 2165 L.
490 2132 512 2165 l.
535 2145 602 2177 pag.
626 2136 678 2165 11.

361 2189 391 2230 ⁴)
435 2188 503 2220 Vid„
525 2187 547 2220 l.
570 2188 594 2220 l.
616 2188 651 2220 in
672 2198 747 2220 vers.
770 2192 859 2219 metr.
883 2198 952 2231 pag.
975 2188 1025 2219 17.

360 2242 390 2284 ³)
435 2245 507 2286 Pag.
529 2246 581 2275 49.

361 2295 390 2338 ⁶)
434 2298 493 2327 »R
516 2299 632 2329 Nemo?
655 2298 704 2330 vel
726 2298 786 2330 duo
808 2298 856 2330 vel
881 2320 1016 2328 .....
1063 2300 1100 2329 Α.
1123 2298 1224 2329 Nemo.
1248 2297 1350 2339 Turpe
1373 2313 1414 2318 ——-
1441 2308 1458 2325 »
1472 2300 1509 2326 ut

316 2348 489 2383 Achaintrii
510 2349 673 2385 lectionem
703 2352 824 2385 exhibet
851 2351 954 2384 Heinr.
987 2362 1053 2394 pag.
1080 2352 1119 2383 75
1132 2375 1142 2391 .,
1165 2351 1219 2383 ubi
1242 2350 1354 2383 merito
1374 2361 1441 2382 eam
1463 2360 1509 2381 ex-

317 2405 420 2448 plosit.

361 2463 390 2503 ⁷)
435 2463 504 2506 Pag.
527 2464 579 2494 29.

365 2517 393 2556 ⁸)
438 2515 480 2548 Cf.
506 2518 609 2551 Heinr.
637 2529 665 2561 p.
693 2519 741 2548 76.
