1857 3113
922 249 944 283 7

332 351 425 390 duas
452 358 638 391 memorat
666 352 846 391 lectiones
874 351 1010 392 codicis
1041 353 1217 392 Vulcanii
1240 367 1260 393 e
1278 354 1365 393 vita
1385 355 1527 401 Persii,

333 439 496 478 quarum
524 432 727 478 utramque
755 424 872 464 codex
900 426 1010 468 Leid.
1048 428 1211 468 exhibet.
1251 429 1379 469 Altera
1408 437 1463 469 est
1489 430 1529 468 in

331 500 486 538 nomine
514 498 671 538 rhetoris
699 500 867 553 Verginii
895 500 1002 541 Flavi
1030 502 1098 541 ubi
1141 503 1253 542 lectio
1283 502 1527 557 Verginium

330 573 518 621 Flavum,
535 587 649 626 quam
665 575 811 629 Lipsius
829 590 873 615 ex
891 577 1020 617 codice
1035 578 1146 617 Vulc.
1168 579 1290 625 affert,
1312 592 1397 617 cum
1418 579 1524 620 Leid.

330 650 520 696 convenit,
542 664 661 702 quum
688 651 728 689 in
757 652 862 691 Voss.
894 667 935 692 n.
964 654 1012 690 18
1041 667 1110 706 pro
1138 667 1182 692 ea
1209 653 1357 706 legatur
1377 653 1424 691 V
1421 656 1527 706 z'rqz'-

330 722 429 761 lium
456 724 647 762 Flaccum
668 754 679 772 ‚
726 725 833 763 cuius
866 734 1101 779 postremum
1129 726 1289 765 verbum
1318 727 1365 764 ab
1393 727 1527 766 eadem

329 798 484 851 quidem
512 813 629 839 manu
652 800 691 853 in
710 799 881 838 Flavum
909 808 1100 839 mutatum
1128 808 1196 840 est.
1245 800 1373 839 Altera
1398 808 1525 840 autem

328 872 368 911 in
396 875 551 913 nomine
582 876 687 915 Paeti
715 876 900 916 Thraseae
930 874 1046 929 quod,
1077 888 1121 913 ex
1144 874 1281 913 codicis
1300 874 1413 913 Vulc.
1436 874 1526 913 scri-

326 954 439 1000 ptura
466 951 761 1001 apetz'lhrasea,
790 951 889 989 bene
916 950 1074 989 correxit
1102 949 1263 1002 Lipsius.
1310 948 1436 998 Quum
1456 961 1525 985 au-

327 1029 405 1061 tem
433 1022 472 1059 in
513 1023 642 1061 codice
671 1024 777 1063 Voss.
808 1038 848 1063 n.
883 1026 931 1062 18
973 1023 1153 1062 ultimum
1194 1022 1289 1061 desit
1324 1022 1456 1060 folium
1486 1028 1525 1060 et

327 1094 414 1133 Vita
449 1096 488 1133 in
525 1097 602 1134 fine
639 1098 776 1149 scripta
817 1098 864 1136 sit
897 1111 1022 1149 neque
1048 1096 1148 1134 hanc
1176 1096 1380 1134 lectionem
1409 1110 1452 1133 ex
1480 1109 1524 1134 eo

326 1167 523 1207 desumere
564 1170 689 1221 potuit
725 1170 888 1222 Lipsius.
946 1171 1081 1221 Itaque
1109 1183 1130 1207 e
1159 1169 1339 1206 Vossiano
1369 1168 1525 1219 quidem

325 1242 478 1281 nullum
506 1251 772 1295 argumentum
800 1244 879 1297 peti
905 1250 1029 1297 potest
1058 1256 1135 1295 quo
1161 1242 1410 1294 redarguatur
1429 1242 1525 1280 Vul-

325 1318 528 1355 canianum
547 1325 584 1356 et
602 1318 825 1356 Leidensem
843 1319 1007 1357 eundem
1025 1332 1119 1364 esse,
1140 1317 1241 1369 quod
1258 1316 1354 1354 mihi
1369 1317 1525 1368 quidem

325 1393 401 1431 iam
428 1392 634 1445 probatum
663 1392 815 1431 videtur
844 1394 944 1433 satis.
1002 1392 1180 1431 Ceterum
1211 1391 1349 1429 erravit
1376 1391 1524 1429 Duent-

324 1480 430 1505 zerus
461 1467 494 1518 1)
523 1468 563 1506 in
605 1468 822 1506 recensione
862 1468 971 1505 Vitae
1012 1466 1128 1504 Persii
1156 1465 1319 1503 diversos
1353 1472 1522 1502 statuens

324 1541 495 1579 codicem
522 1541 629 1580 Leid.
662 1541 719 1592 (n.
751 1541 818 1592 78)
850 1554 964 1593 quem
993 1539 1283 1592 Oudendorpius
1329 1540 1524 1593 usurpavit

324 1622 362 1653 et
390 1627 478 1652 eum
506 1614 613 1654 Leid.
644 1628 665 1652 e
693 1628 771 1666 quo
800 1614 1056 1666 Breitingerus
1072 1614 1189 1651 varias
1205 1613 1384 1651 lectiones
1402 1613 1519 1652 dedit.

325 1687 597 1727 Verosimiliter
629 1689 669 1726 in
709 1688 813 1726 hunc
844 1702 1012 1727 errorem
1054 1688 1233 1726 inductus
1262 1695 1317 1726 est
1345 1701 1390 1726 eo
1420 1686 1522 1740 quod

322 1774 449 1814 neque
477 1762 731 1814 Breitingerus
766 1777 890 1815 neque
918 1762 1209 1815 Oudendorpius
1236 1775 1387 1800 omnem
1415 1762 1523 1800 lecti-

323 1848 440 1873 onum
469 1837 688 1874 varietatem
718 1837 946 1876 indicarunt.

376 1908 450 1947 Sed
469 1909 634 1948 breviter
655 1910 847 1948 videamus
865 1909 913 1948 de
930 1911 1008 1963 ipso
1027 1908 1175 1947 codice:
1201 1909 1278 1955 hic,
1297 1909 1521 1950 nitidissime

322 1983 495 2037 scriptus,
525 1984 648 2023 solum
675 1985 845 2023 Persium
875 1984 1000 2022 addita
1030 1983 1119 2022 Vita
1147 1984 1317 2037 antiqua,
1347 1992 1384 2023 et
1404 1984 1518 2023 Com-

322 2066 496 2097 mentum
516 2088 527 2105 ‚
561 2059 780 2098 continuata
811 2060 904 2098 serie
937 2058 1118 2111 scriptum
1136 2059 1172 2110 2)
1193 2089 1203 2106 ,
1238 2060 1517 2113 complectitur.

323 2131 479 2172 Constat
507 2133 628 2172 trihus
656 2133 988 2186 quaternionibus,
1037 2145 1200 2185 quorum
1240 2142 1450 2186 postremus
1481 2136 1519 2173 in

321 2208 447 2246 medio
488 2208 566 2247 duo
605 2209 722 2249 habet
764 2209 852 2247 folia
896 2207 1054 2260 imparia
1072 2235 1082 2255 ,
1129 2215 1173 2246 ut
1208 2215 1309 2247 totus
1340 2209 1436 2247 liber
1468 2210 1519 2246 26

321 2282 413 2320 folia
458 2284 663 2324 contineat.
735 2283 853 2323 Primi
890 2281 971 2321 folii
1011 2282 1149 2336 pagina
1190 2290 1292 2322 recta
1338 2283 1423 2322 alba
1466 2292 1521 2322 est

368 2411 396 2452 ¹)
440 2412 479 2442 In
501 2409 575 2441 edit.
598 2409 692 2441 Persii
714 2408 749 2441 in
770 2418 864 2441 usum
884 2407 1057 2441 scholarum
1071 2433 1081 2450 ‚
1110 2419 1179 2453 pag.
1202 2412 1222 2441 5
1236 2433 1246 2450 ‚
1269 2415 1342 2442 nota
1365 2413 1396 2441 1.

366 2466 397 2508 ¹)
440 2467 483 2497 De
506 2466 589 2498 varia
609 2466 725 2498 ratione
747 2476 807 2509 qna
829 2464 942 2499 scholia
963 2465 997 2498 in
1019 2464 1171 2498 codicibus
1192 2471 1332 2498 contexta
1361 2469 1435 2496 sunt
1448 2488 1457 2504 ‚
1480 2463 1518 2495 cf.

321 2518 410 2551 Iahn.
430 2519 466 2552 in
486 2520 624 2566 Prolegg.
646 2532 677 2565 p.
703 2521 830 2552 CLXIII.
