1857 3113
879 256 925 291 91

304 375 436 401 merus
462 386 515 393 —
544 364 681 401 subere
709 369 878 410 coctum,
908 363 1034 402 omnia
1063 362 1250 400 existimat
1278 375 1356 400 esse
1384 359 1495 399 verba

304 438 517 486 adversarii,
548 452 646 491 quae
674 447 800 479 autem
830 439 1005 493 deinceps
1025 444 1249 491 sequuntur,
1268 444 1418 491 poetae.
1450 436 1495 474 In

304 514 375 552 hae
403 529 579 553 versuum
609 516 859 569 descriptione
890 516 927 554 id
954 515 1154 568 praecipue
1187 514 1356 560 offendit,
1388 513 1492 565 quod

308 603 434 627 versus
464 591 530 635 96,
559 589 689 628 Arma
717 593 847 629 virum
877 599 949 629 cet.
981 591 1032 629 ita
1059 603 1193 643 parum
1224 601 1311 626 eum
1339 601 1493 640 praece-

303 664 479 702 dentibus
508 664 697 710 cohaeret,
728 673 770 703 ut
798 665 844 703 ad
875 680 1012 704 nexum
1042 663 1331 716 intelligendum
1352 661 1496 713 aliquid

300 746 428 778 mente
469 739 710 793 suppleamus
753 753 901 779 neeesse
929 740 989 779 sit.
1054 739 1198 777 Eodem
1228 738 1318 776 vitio
1347 736 1493 775 laborat

301 815 415 851 etiam
444 815 647 852 Duentzeri
678 815 913 860 distributio,
943 813 1181 851 solummodo
1210 826 1263 850 vs·
1287 813 1338 849 96
1358 818 1395 848 et
1425 813 1489 848 97:

293 886 429 926 'Arma
458 890 588 927 virum
617 911 670 917 —
699 889 836 926 subere
863 893 1032 934 coctum,
1063 886 1241 925 monitori
1275 885 1489 924 tribuentis.

301 962 500 1002 Teuffelius
532 964 566 1015 ¹)
603 972 733 1002 contra
763 964 895 1003 tribuit
924 962 1159 1001 solummodo
1188 961 1257 999 hos
1286 961 1379 999 duos
1409 975 1493 999 ver-

300 1051 358 1075 sus
388 1051 474 1076 cum
498 1047 677 1090 sequente
696 1039 766 1092 ipsi
783 1047 932 1092 poetae,
957 1037 1020 1076 sed
1045 1036 1147 1089 quod
1168 1036 1211 1074 ad
1232 1050 1383 1074 sensum
1403 1035 1490 1074 atti—

299 1117 383 1157 net,
407 1111 484 1149 eius
505 1111 719 1152 distributio
737 1113 861 1152 multo
881 1113 1016 1151 melior
1034 1120 1088 1150 est
1109 1125 1222 1163 quam
1240 1111 1491 1163 reliquorum.

300 1184 349 1223 At
383 1199 472 1224 vero
503 1187 533 1224 si
567 1186 789 1225 scholiastae
823 1187 977 1238 vestigia
1011 1194 1207 1238 sequentes
1239 1200 1327 1223 cum
1356 1186 1494 1223 Iodoco

299 1258 414 1297 Badio
445 1260 641 1306 Ascensio‚
680 1261 827 1308 Reizio‚
859 1261 1064 1313 Koenigio‚
1098 1260 1297 1307 Meistero„
1330 1259 1492 1304 Orellio‚

299 1334 502 1373 Hauthalio
519 1335 553 1387 2)
573 1336 698 1374 omnia
726 1336 819 1375 haec
839 1336 951 1375 verba
969 1343 1103 1389 poetae
1128 1335 1359 1382 tribuamus,
1380 1334 1494 1373 nihil-

302 1422 375 1461 que
403 1410 582 1448 monitori
610 1411 860 1463 adsignemus,
892 1412 1005 1449 totius
1034 1411 1108 1448 loci
1135 1411 1337 1450 lectionem
1367 1412 1491 1449 multo

302 1484 571 1538 expeditiorem
612 1486 785 1525 exsistere
823 1501 898 1525 non
938 1494 993 1525 est
1032 1487 1133 1539 quod
1170 1487 1319 1526 dubites
1351 1488 1410 1540 3):
1454 1496 1492 1527 et

298 1561 568 1614 simplicissima
588 1563 863 1615 interpretandi
882 1565 977 1602 ratio
994 1579 1081 1603 sane
1101 1564 1291 1617 sequenda
1310 1572 1379 1602 est.
1412 1563 1448 1602 N
1450 1578 1490 1601 o-

299 1645 459 1676 strorum
488 1638 615 1689 itaque
644 1652 821 1677 versuum
851 1653 1000 1678 sensum
1033 1641 1148 1679 talem
1180 1639 1275 1678 mihi
1300 1639 1486 1677 informo:

300 1727 325 1749 »
341 1711 414 1749 Sed
444 1713 561 1750 nostri
587 1711 777 1758 homines,
809 1713 838 1749 si
866 1727 942 1751 non
962 1722 1119 1766 possunt
1147 1728 1285 1766 negare
1306 1727 1392 1751 vera
1413 1726 1491 1750 esse

299 1786 387 1824 vitia
416 1799 511 1837 quae
548 1787 668 1840 poetis
710 1787 881 1841 imputo,
926 1796 1054 1827 tamen
1096 1803 1140 1827 eo
1180 1788 1346 1841 gaudent
1386 1787 1491 1839 quod

298 1860 462 1897 carmina
493 1861 625 1898 saltem
656 1870 848 1913 pangant,
881 1876 978 1913 quae
1008 1875 1253 1900 numerorum
1284 1862 1419 1900 decore
1453 1869 1491 1899 et

343 2062 370 2101 ¹)
415 2063 530 2092 Horum
554 2061 684 2093 duorum
703 2062 924 2106 interpretandi
943 2063 1079 2094 noscitur
1097 2062 1195 2094 solum
1219 2074 1253 2093 ex
1275 2062 1403 2093 illorum
1425 2073 1491 2093 ver-

298 2126 392 2146 smne.

343 2170 372 2212 ²)
418 2173 516 2212 Quem
541 2170 609 2201 vide
631 2170 665 2201 in
687 2170 760 2201 edit.
793 2171 853 2201 Sat.
878 2172 908 2210 1,
941 2182 1007 2214 pag.
1032 2173 1093 2211 32,
1116 2182 1160 2214 sq.
1185 2190 1226 2195 ——
1251 2172 1295 2202 De
1317 2170 1434 2202 Orellio
1456 2182 1490 2202 eo

297 2224 361 2255 loco
374 2225 562 2256 mentionem
575 2223 665 2265 fecit,
683 2224 726 2255 ita
748 2224 842 2256 etiam
865 2224 992 2265 Heinr.;
1015 2225 1155 2269 equidem
1179 2226 1212 2257 in
1237 2225 1285 2255 2⁰³
1309 2225 1396 2256 illius
1417 2225 1490 2256 edit.

295 2289 416 2310 versum
439 2281 482 2311 98
505 2280 549 2311 ita
566 2290 712 2311 excusum
734 2279 854 2319 inveni,
880 2284 917 2310 ut
939 2279 1024 2322 quasi
1047 2278 1085 2311 ab
1107 2279 1221 2311 editore
1243 2279 1410 2311 adversario
1432 2279 1489 2310 tri-

294 2332 450 2364 haeretur.

342 2386 369 2429 ³)
416 2386 457 2418 Cf.
493 2388 586 2419 etiam
609 2390 644 2419 G.
668 2389 702 2419 E.
725 2387 892 2427 Weberus,
922 2387 956 2418 in
989 2387 1126 2418 Animm.
1150 2387 1187 2418 ad
1210 2387 1241 2419 h.
1265 2387 1287 2419 l.
1310 2398 1378 2431 pag.
1402 2389 1490 2427 202,

298 2456 365 2474 ›2—
394 2442 435 2474 ist
457 2441 545 2474 nicht
568 2442 694 2487 nothig,
729 2441 793 2474 dass
823 2437 895 2474 man
927 2440 990 2473 sich
1024 2440 1083 2472 den
1111 2441 1399 2482 Zwischenredner,
1422 2441 1490 2473 eine

295 2497 491 2541 Bemerkung
512 2498 746 2538 einschiebexid,
780 2497 899 2530 denke:
935 2496 1084 2529 vielmehr
1107 2498 1212 2530 macht
1234 2498 1351 2530 Persius
1373 2497 1465 2529 selbst
1478 2522 1487 2536 ,

294 2551 339 2583 im
361 2552 455 2584 sinne
477 2553 530 2585 der
552 2552 781 2597 gewiihnlichen
808 2552 951 2594 Ansicht,
974 2553 1054 2585 diese
1078 2553 1301 2596 Bemerkung.”
1327 2572 1368 2576 —
