1857 3113
938 302 960 337 4

349 402 489 442 iudicio
522 405 554 454 ι)
574 434 582 450 ,
617 405 667 443 ita
698 414 915 460 comparata
945 414 1032 445 sunt
1068 416 1111 447 ut
1137 407 1244 446 nulla
1272 409 1315 446 iis
1344 410 1546 446 auctoritas

347 479 479 517 haberi
506 480 623 531 possit
652 481 705 529 2).
727 481 1036 534 ¹Nonnumquam
1065 484 1178 521 etiam
1198 497 1241 522 ex
1265 484 1346 521 aliis
1364 483 1544 522 editioni-

348 554 419 591 bus
448 554 640 605 appositae
687 562 774 593 sunt
816 541 1079 595 annotationes
1122 557 1169 594 ad
1213 556 1397 595 diversam
1437 555 1546 593 lecti-

347 643 459 667 onem
489 637 727 682 spectantes,
758 630 865 668 nullo
895 638 1023 669 tamen
1056 632 1134 670 eius
1168 631 1389 670 diversitatis
1418 630 1548 668 addito

348 702 504 740 indicio.
564 703 695 755 Longe
724 704 859 741 melior
887 712 941 742 est
979 705 1034 743 Io.
1083 705 1219 742 Bondii
1258 705 1401 749 editio,
1451 716 1548 755 quae

349 791 458 830 saepe
487 778 599 815 nimis
628 778 676 815 ab
706 780 786 817 aliis
816 787 870 818 est
914 779 1098 832 neglecta.
1157 778 1201 816 In
1238 779 1409 817 codicum
1439 777 1546 815 deni—

351 864 425 902 que
455 852 681 890 lectionibus
709 854 988 906 perscrutandis
1016 868 1091 891 non
1119 867 1202 890 raro
1231 852 1476 889 animadverti
1495 850 1546 900 3),

351 940 370 962 a
406 926 560 972 Iahnio,
597 927 845 974 Hermanno,
876 928 1115 973 Heinrichio‚
1154 926 1326 965 Passovio
1363 926 1475 963 etiam
1505 936 1548 961 ex

348 998 479 1036 iisdem
530 999 722 1037 codicibus
773 1001 1026 1053 discrepantes
1074 1013 1226 1052 prorsus
1272 1000 1396 1036 afferri
1440 998 1549 1035 lecti-

351 1088 439 1112 ones
455 1105 464 1120 ,
496 1082 537 1112 ut
557 1075 717 1127 saepius,
740 1075 809 1113 ubi
837 1075 1009 1114 codicum
1031 1075 1232 1113 auctoritas
1251 1087 1366 1126 quam
1387 1073 1550 1111 maxime

351 1149 476 1186 valere
520 1148 636 1187 debet
678 1150 724 1187 ad
763 1150 967 1188 lectionem
1006 1150 1065 1188 vel
1107 1149 1447 1187 commendandam
1490 1148 1549 1187 vel

352 1223 604 1275 respuendam
626 1253 635 1268 ‚
668 1237 803 1276 anceps
830 1224 983 1262 haereas
1013 1238 1127 1275 quam
1146 1224 1273 1276 eligas,
1304 1224 1348 1262 Id
1366 1224 1546 1269 indicare,

354 1298 501 1350 quoties
531 1298 647 1335 fiebat
677 1298 716 1335 in
746 1298 837 1335 locis
865 1298 912 1336 de
942 1300 1078 1351 quibus
1107 1299 1311 1353 disputavi,
1342 1312 1417 1336 non
1440 1311 1550 1350 prae-

356 1372 511 1409 termisi.
543 1394 597 1399 -—
629 1370 784 1409 Codices
813 1381 941 1411 autem
984 1388 1146 1425 quorum
1190 1373 1342 1412 collatio
1382 1372 1551 1424 sequitur

355 1452 446 1483 sunt
475 1445 515 1483 hi
536 1460 545 1483 ε

408 1518 530 1557 Codex
543 1518 613 1557 Ms.
628 1520 888 1559 Bibliothecae
900 1521 1077 1573 publicae
1092 1520 1299 1566 Leidensis,
1313 1534 1351 1559 n.
1369 1523 1434 1559 78.
1451 1519 1548 1572 (L),

351 1593 677 1632 membranaceus.
712 1594 777 1632 Est
795 1594 895 1632 idem
916 1594 1029 1633 codex
1048 1595 1095 1633 de
1119 1596 1226 1633 cuius
1243 1595 1352 1632 variis
1376 1594 1549 1632 lectioni-

350 1671 422 1707 bus
436 1671 510 1706 iam
525 1670 730 1721 disputavit
743 1671 983 1707 Hermannus
993 1672 1032 1708 in
1045 1670 1288 1708 Lectionibus
1302 1670 1482 1706 Persianis
1496 1669 1548 1720 4),

353 1744 420 1782 ubi
445 1757 532 1782 eum
554 1743 681 1782 littera
707 1742 736 1781 C
766 1744 972 1796 insignivit.
1025 1743 1175 1781 Tribuit
1197 1743 1227 1781 is
1251 1742 1354 1780 hunc
1382 1742 1550 1781 codicem

352 1831 426 1856 sec.
450 1818 537 1856 XII.
559 1848 569 1864 ‚
598 1818 659 1855 sed
674 1848 683 1863 ,
705 1826 858 1856 auctore
882 1819 1169 1869 diligentissimo
1194 1818 1446 1855 bibliothecae
1471 1817 1550 1855 Lu-

351 1891 667 1944 gduno-Batavae
680 1892 885 1944 praefecto,
907 1906 983 1929 non
999 1891 1132 1930 dubito
1152 1893 1244 1943 quin
1263 1892 1386 1944 potius
1404 1905 1476 1930 sec.
1499 1891 1547 1930 X.

351 1965 499 2004 ineunti
520 1966 787 2004 adscribendus
803 1966 962 2025 sit3lam
983 1966 1073 2004 olim
1093 1967 1171 2004 eius
1192 1966 1371 2004 lectiones
1390 1967 1431 2005 P.
1452 1967 1549 2004 Bur-

352 2055 514 2079 mannus
544 2055 633 2079 cum
657 2042 891 2093 Breitingcro
912 2041 946 2091 5)
968 2041 1273 2080 communicavit.
1332 2043 1434 2081 Num
1465 2055 1551 2081 vero

401 2197 427 2239 ¹)
473 2196 529 2229 Cff.
554 2199 668 2229 Passov.
691 2209 720 2241 p.
745 2200 809 2230 148
832 2203 864 2229 et
887 2199 992 2230 Heinr.
1014 2211 1043 2242 p.
1067 2198 1089 2229 l.

400 2253 429 2293 2)
475 2251 587 2283 Eodem
605 2252 693 2284 modo
711 2253 793 2285 idem
811 2253 1002 2285 Schrevelius
1018 2253 1083 2296 egit
1099 2252 1132 2283 in
1148 2251 1222 2284 edit.
1235 2251 1370 2292 Horatii3
1390 2250 1427 2283 ef.
1440 2251 1552 2295 quibus

355 2306 454 2339 verbis
477 2306 533 2337 hac
556 2306 593 2337 de
616 2318 647 2337 re
670 2307 703 2337 in
727 2319 799 2338 eum
822 2308 962 2338 invectus
985 2313 1031 2337 est
1053 2308 1084 2337 P.
1098 2309 1201 2338 Burm.
1215 2307 1249 2337 in
1261 2305 1351 2350 praef.
1363 2306 1437 2338 edit.
1449 2308 1551 2340 Horat.

354 2373 427 2394 cum
449 2361 606 2404 Rutgersii
629 2364 725 2393 Lectt.
751 2363 921 2393 Venusinis.
946 2362 1025 2392 Trai.
1049 2363 1113 2393 Bat.
1139 2364 1235 2396 1699.

399 2418 428 2458 ³)
473 2416 558 2447 Idem
580 2416 797 2447 animadvertit
820 2415 946 2447 Teuffel.
960 2439 969 2455 7
992 2414 1029 2446 cf.
1053 2427 1130 2447 cens.
1154 2414 1175 2446 l.
1200 2427 1230 2459 p.
1255 2416 1327 2447 ’178-

402 2471 431 2512 ⁴)
477 2469 519 2501 Cf.
543 2470 697 2514 imprimis
720 2473 755 2511 Ι,
778 2482 844 2513 pag.
870 2473 911 2502 15
935 2476 966 2502 et
988 2472 1037 2511 11,
1061 2473 1081 2502 4
1104 2475 1136 2502 et
1160 2471 1189 2501 7.

397 2528 425 2568 ³)
472 2527 572 2567 Quem
606 2524 674 2556 vide
707 2524 741 2555 in
774 2524 966 2557 Schelhornii
1002 2525 1169 2558 Amoenitt.
1193 2524 1316 2557 Litterr.
1347 2525 1381 2556 T.
1404 2525 1450 2565 X,
1484 2535 1551 2568 pag.

352 2583 462 2621 11113
485 2579 522 2612 cf.
546 2581 651 2612 Herm.
676 2580 770 2610 Lectt.
794 2580 887 2610 Pei-ss.
911 2581 945 2619 Ι,
970 2581 1021 2612 15.
