1857 3113
916 225 961 261 51

345 333 478 371 merito
495 346 565 385 pro
581 331 802 383 glossemate
820 329 935 370 habet
954 329 1180 369 Hauthalius
1203 331 1249 381 1).
1280 330 1433 369 Iahnius
1450 345 1533 370 vero

344 418 470 444 rursus
494 404 541 442 ad
565 404 721 443 alteram
745 404 896 443 deflexit
913 405 1023 456 eique
1041 405 1241 443 assentitur
1259 405 1462 444 Teuffelius
1480 407 1531 456 2).

343 479 456 529 Quod
492 486 618 517 autem
655 478 706 516 ad*
737 479 1049 531 significationem
1079 480 1183 518 verbi
1210 483 1415 519 remittere
1444 481 1532 520 atti—

343 561 436 600 net,
466 552 514 591 ob
544 565 658 605 quam
685 552 724 591 id
753 553 801 592 ab
829 553 901 592 hoc
928 554 1010 592 loco
1038 553 1258 592 abiudicant
1285 554 1477 592 Passovius
1495 561 1534 592 et

345 627 546 666 Teuffelius
564 657 574 674 ‚
618 627 752 666 eodem
791 641 901 666 sensu
941 636 1055 681 atque
1099 637 1228 668 nostro
1270 629 1353 667 loco
1394 629 1533 681 legitur

343 701 443 753 apud
483 700 562 739 Cic.
595 701 642 740 de
680 702 784 742 Orat.
816 703 861 749 I,
905 705 973 740 58:
1006 718 1030 741 »
1047 704 1086 741 in
1122 717 1195 754 qua
1223 703 1294 740 tibi
1321 705 1533 741 remittunt

343 776 451 813 istam
481 777 733 829 voluptatem,
763 784 802 814 et
826 791 870 815 ea
898 790 935 815 se
958 789 1084 813 carere
1102 775 1354 828 patiuntur,'’
1387 784 1423 815 et
1442 777 1530 816 Tac.

342 849 456 890 Histt.
487 851 542 890 IV
560 882 570 898 ,
605 852 667 889 11:
702 851 810 890 »vim
838 850 1019 904 principis
1047 850 1267 904 complecti,
1299 864 1439 890 nomen
1468 864 1532 889 re-

341 926 501 961 mittere
512 923 558 969 ‚·”
588 924 654 962 ubi
680 925 794 962 habet
812 925 963 976 quidem
984 925 1295 976 significationem
1314 924 1533 976 relinquen-

342 998 409 1044 di,
448 1012 525 1036 non
562 998 740 1036 adiuncta
769 1005 895 1036 tamen
923 998 1077 1035 notione
1105 1011 1180 1049 qua
1208 998 1444 1036 remittamus
1472 1012 1532 1037 so-

342 1072 536 1110 lummodo
564 1072 602 1109 id
629 1072 729 1123 quod
756 1072 832 1109 iam
859 1072 898 1109 in
924 1078 1050 1109 nostra
1067 1070 1181 1109 fuerit
1198 1080 1396 1124 potestate,
1417 1087 1534 1125 quam

341 1146 653 1198 significationem
681 1158 828 1197 semper
855 1145 890 1183 ei
916 1145 1036 1184 inesse
1066 1153 1279 1184 statuerunt
1311 1147 1535 1200 interpretes

341 1220 500 1259 laudati.
535 1220 652 1257 Porro
682 1218 847 1256 breviter
873 1219 1066 1258 videamus
1093 1220 1141 1257 de
1169 1221 1442 1272 significatione
1461 1236 1532 1261 VSS.

340 1295 365 1331 6
395 1301 433 1332 et
462 1295 506 1340 7,
543 1293 726 1346 imprimis
755 1291 929 1332 vocabuli
957 1296 1257 1347 semipaganus.
1317 1295 1398 1348 Ego
1429 1309 1531 1341 vero,

338 1466 370 1491 et
393 1461 517 1501 1833),
540 1457 753 1498 Heinrichius,
776 1459 972 1489 Duentzerus.
995 1458 1191 1489 Pithoeanam
1220 1463 1251 1489 et
1273 1459 1447 1492 Reizianam
1468 1459 1531 1491 edi-

338 1515 437 1546 tiones
466 1515 530 1558 ipse
562 1520 668 1546 tamen
701 1524 763 1544 non
793 1512 879 1553 vidi,
897 1524 1003 1545 earum
1025 1512 1170 1544 lectiones
1192 1513 1271 1545 mihi
1294 1519 1420 1546 tantum
1442 1514 1531 1546 inno-

338 1574 468 1600 tuerunt
501 1580 536 1599 ex
569 1569 650 1599 notis
680 1567 902 1610 marginalibus
932 1567 967 1597 in
988 1567 1061 1598 edit.
1092 1568 1195 1598 Heinr.
1218 1573 1250 1598 et
1272 1569 1383 1610 passim
1406 1580 1441 1600 ex
1463 1569 1532 1599 aliis

338 1623 471 1665 interpp.
484 1646 494 1662 ,
517 1623 694 1665 praesertim
717 1625 909 1662 Hermanno,
932 1633 947 1653 e
970 1633 1031 1664 quo
1053 1621 1147 1652 etiam
1171 1621 1344 1652 Achaintrii
1366 1628 1397 1653 et
1419 1621 1531 1653 Orellii

337 1676 481 1708 lectiones
502 1676 611 1719 passim
647 1676 780 1719 cognovi.
812 1676 922 1707 Prioris
944 1675 1084 1707 lectionis
1107 1675 1191 1706 dedit
1213 1676 1308 1707 etiam
1338 1677 1371 1707 E.
1396 1677 1429 1707 G.
1459 1678 1532 1707 We·

337 1729 428 1762 herus
450 1730 487 1762 ad
506 1730 619 1762 calcem
654 1742 724 1762 suae
747 1730 818 1761 edit.
864 1729 1051 1761 Orellianam
1081 1726 1234 1772 praeterea
1267 1730 1434 1762 editionem
1467 1732 1524 1760 2¹¹³

336 1785 453 1828 raptim
473 1785 591 1828 inspexi
620 1790 651 1816 et
674 1796 768 1828 pauca
791 1796 826 1816 ex
849 1795 884 1816 ea
906 1784 1047 1827 excerpsi.

382 1840 410 1879 1)
454 1841 490 1868 In
512 1839 575 1869 edit
607 1838 630 1868 l.
653 1850 723 1880 pag.
746 1841 789 1877 5,
812 1849 888 1881 sqq.,
912 1838 967 1880 qui
990 1838 1074 1868 locus
1096 1839 1221 1868 omnino
1243 1837 1280 1867 de
1303 1836 1358 1867 hac
1380 1836 1527 1876 lectione,

335 1897 368 1923 et
389 1891 529 1923 universe
550 1891 587 1922 de
609 1890 790 1922 lectionibus
812 1902 828 1922 e
852 1891 956 1934 glossis
978 1891 1072 1931 ortis,
1095 1890 1291 1922 conferendus
1303 1896 1359 1922 est.
1382 1890 1528 1922 Videatur

334 1945 372 1978 de
393 1957 427 1978 m
448 1957 482 1977 re
503 1945 597 1976 etiam
618 1944 756 1986 Iahnius,
779 1945 832 1977 ubi
849 1945 915 1988 agit
931 1945 967 1977 de
983 1945 1086 1987 glossis
1103 1946 1135 1977 in
1156 1946 1255 1978 codice
1278 1948 1365 1977 Bern.
1389 1947 1406 1976 1
1420 1970 1429 1986 ,
1451 1944 1527 1977 olim

336 2000 536 2043 Bongarsiano
549 2024 558 2040 ,
592 2000 626 2031 in
648 2000 736 2031 cuius
760 1999 865 2042 glossis
887 1999 969 2031 haud
998 2010 1109 2042 paucae
1140 2006 1274 2032 servatae
1304 2005 1379 2031 sunt
1411 2006 1526 2031 veteres

336 2054 501 2094 lectiones3
518 2053 652 2098 Prolegg.
665 2067 694 2098 p.
715 2057 863 2096 CXCVII,
876 2067 918 2099 sq.
938 2056 1016 2085 Cum
1039 2054 1203 2086 Hauthalio
1225 2054 1297 2086 facit
1313 2055 1406 2086 etiarn
1423 2056 1526 2088 Hermi

335 2108 357 2139 l.
372 2108 394 2140 l.
417 2111 485 2149 111,
498 2110 527 2139 2.
548 2107 590 2139 Cf.
611 2109 703 2141 etiam
723 2110 827 2141 Heinr.
846 2121 913 2153 pag.
938 2111 979 2140 69
998 2114 1029 2139 et
1045 2110 1078 2139 Ε.
1102 2111 1138 2139 G.
1154 2109 1275 2140 Weber.
1295 2122 1361 2153 pag.
1385 2111 1437 2140 2⁶3.

381 2165 408 2205 ²)
453 2166 523 2208 Pag.
547 2167 609 2205 86,
631 2175 673 2209 sq.
698 2164 817 2196 Habent
839 2164 931 2195 etiam
954 2163 1032 2194 hanc
1053 2162 1218 2195 lectionem
1237 2164 1309 2195 edit.
1321 2163 1385 2196 Ioh.
1397 2163 1524 2203 Bondii,

334 2220 432 2249 Amst.
456 2221 564 2259 1645,
587 2230 665 2263 quae
687 2220 801 2262 optima
823 2225 947 2250 vocatur
968 2218 1002 2248 in
1024 2228 1112 2259 opere
1134 2217 1280 2262 inscripto
1307 2217 1524 2261 Encyclopedie

335 2271 407 2303 edit.
438 2277 560 2303 auctore
593 2273 630 2304 de
659 2274 774 2315 Felice,
806 2273 964 2314 Yverdon,
1000 2273 1241 2313 1774—1778,
1271 2272 1339 2304 Vol.
1370 2272 1524 2311 XXXIII,

335 2338 403 2371 pag.
427 2329 511 2368 161,
534 2346 576 2351 —-
599 2334 630 2359 et
652 2329 792 2360 Plumius
814 2330 847 2360 in
869 2330 956 2361 cuius
977 2329 1050 2360 edit.
1080 2340 1159 2360 cens.
1182 2340 1249 2360 eam
1272 2327 1379 2371 probat
1401 2326 1525 2369 Pinzge-

335 2393 407 2422 rus,
427 2394 493 2426 pag.
514 2384 598 2422 290,
614 2393 657 2425 sq.
680 2388 828 2414 annotans
848 2384 974 2415 eandem
991 2383 1172 2415 varietatem
1183 2382 1321 2414 obtinere
1338 2382 1371 2413 in
1386 2381 1468 2412 codd.
1489 2380 1527 2411 ad

335 2437 418 2480 Virg.
441 2441 516 2469 Aen.
539 2438 601 2478 IV,
625 2438 712 2477 4363
734 2436 788 2481 qui
809 2448 911 2470 versus
933 2448 1005 2470 cum
1026 2437 1215 2481 praecedenti
1237 2437 1360 2481 spurius
1375 2436 1527 2468 iudicatur

335 2503 353 2523 a
375 2492 492 2526 Peerlk.
516 2493 583 2526 Vol.
607 2495 622 2525 I
634 2517 644 2534 ,
667 2504 734 2537 pag.
760 2494 834 2526 265.

1325 2558 1368 2592 4*
