1857 3113
909 303 958 339 14

373 419 448 441 nem
470 408 555 452 loqui
577 413 675 451 puteS.
722 410 806 450 Quae
827 408 890 439 avis
910 418 967 450 pro
988 417 1117 440 munere
1147 406 1272 452 regibus
1299 407 1435 451 offertur.
1482 411 1527 442 Ex

374 480 484 506 natura
506 479 611 506 autem
634 473 749 506 salutat
780 473 900 505 dicens:
935 470 1037 504 kairre
1058 472 1080 503 i.
1103 483 1129 504 e.
1152 483 1214 504 ave.
1260 473 1338 504 Hinc
1362 477 1407 505 est
1428 471 1526 505 illud:

372 551 477 584 xoetpn
509 550 752 584 κησοιραινικος
776 541 797 571 i.
821 552 846 571 e.
869 552 924 572 ave
945 551 1026 572 cesar
1048 541 1256 573 invictissime.
1278 543 1354 575 Nam
1364 549 1462 574 cetera
1474 553 1527 574 no-

371 611 457 643 mina
479 611 678 643 institutione
700 611 721 642 i.
745 622 770 642 e.
794 609 933 642 doctrina
955 609 1055 642 discit.
1102 609 1182 642 Hinc
1204 615 1250 642 est
1271 610 1371 643 illud:
1394 611 1528 643 Psitacus

371 688 390 708 a
412 677 496 708 vobis
518 677 651 709 aliorum
674 677 800 708 nomina
821 677 923 716 disco,
958 678 1020 706 Hoc
1041 674 1134 706 didici
1157 686 1211 718 per
1232 688 1283 707 me
1305 677 1423 709 dicere:
1446 688 1528 709 cesar

371 752 426 775 ave
452 743 489 784 1).
536 742 640 784 [Quod
671 742 834 786 ingenium
856 741 902 773 ita
923 751 1066 773 romanae
1097 740 1221 772 delitiae
1245 741 1372 772 miratae
1394 747 1469 772 sunt
1490 746 1528 772 ut

371 805 494 837 barbari
517 812 615 849 sept..
628 830 635 836 .
649 830 657 837 .
671 829 680 837 .
703 818 836 838 mercem
857 805 1010 847 fecerint.]
1056 806 1149 837 Cuius
1175 805 1239 837 avis
1261 811 1396 838 rostrum
1425 811 1528 838 tantae

372 868 507 902 durieiae
537 876 583 902 est
612 875 650 903 ut
677 882 750 902 cum
781 881 812 902 se
840 870 1020 914 praecipitat
1041 869 1076 901 in
1105 872 1137 912 (e
1149 870 1183 913 Ρ)
1214 869 1342 901 sublimi
1364 870 1399 901 in
1420 881 1528 902 saxum

371 935 442 966 nisu
465 936 524 966 oris
546 947 577 966 se
599 936 728 977 excipiat
751 941 783 967 et
810 936 896 978 quasi
931 936 1063 978 quodam
1093 941 1200 966 utatur
1230 936 1386 978 praesidio.
1431 938 1529 980 Caput

370 1010 440 1030 vero
463 1005 528 1030 tam
550 998 653 1029 valens
675 1004 720 1029 est
743 1004 780 1029 ut
802 999 828 1029 si
851 998 971 1041 quando
1004 998 1042 1028 ad
1064 998 1242 1029 discendum
1271 1000 1312 1029 sit
1340 1001 1528 1032 ammonitus

368 1061 467 1106 plagis
497 1062 574 1094 dum
603 1062 713 1105 pullus
741 1068 788 1094 est
816 1061 912 1093 ferrea
942 1060 1092 1093 clavicula
1121 1061 1163 1092 sit
1192 1060 1405 1094 verberandus.
1451 1064 1527 1096 Nam

369 1129 474 1161 studet
506 1134 543 1161 ut
576 1128 721 1172 loquatur
751 1128 785 1160 id
814 1127 896 1171 quod
925 1126 1064 1157 homines
1086 1131 1177 1170 atque
1198 1126 1266 1158 ideo
1287 1128 1371 1161 intra
1392 1128 1527 1160 alterum

369 1193 479 1226 aetatis
502 1204 622 1225 annum
645 1204 722 1236 quae
744 1196 914 1223 monstrata
944 1196 1018 1222 sunt
1039 1196 1071 1222 et
1092 1191 1187 1222 cicius
1214 1190 1304 1223 discit
1325 1198 1357 1223 et
1378 1192 1527 1224 tenaciter

371 1259 497 1290 retinet.
533 1258 625 1289 Maior
647 1263 693 1289 est
715 1256 807 1301 paulo
830 1256 950 1300 segnior
971 1262 1003 1288 et
1024 1255 1188 1288 obliviosus
1209 1262 1241 1288 et
1262 1256 1410 1289 indocilis.
1440 1260 1525 1290 Inter

371 1321 490 1354 nobiles
511 1328 543 1353 et
565 1321 696 1365 plebeios
728 1321 941 1352 discretionem
971 1320 1045 1352 facit
1066 1332 1214 1353 numerus
1236 1321 1416 1364 digitorum.
1462 1322 1526 1364 Qui

370 1386 512 1419 meliores
533 1393 607 1419 sunt
629 1387 739 1431 quinos
761 1386 873 1430 digitos
896 1385 1031 1428 habent,
1054 1393 1153 1419 cetero
1174 1399 1245 1420 vero
1268 1393 1378 1420 ternos.

330 1452 456 1491 Verba
499 1453 605 1490 uncis
646 1453 791 1491 inclusa
827 1453 867 1491 in
912 1466 957 1491 eo
1004 1453 1157 1505 quidem
1192 1453 1319 1492 codice
1360 1452 1522 1500 desunt,

325 1528 389 1566 sed
418 1542 461 1566 ex
489 1528 611 1566 altero
641 1527 822 1564 vossiano
841 1555 851 1571 ,
896 1540 939 1564 ea
968 1528 1122 1567 inserui.
1159 1529 1358 1566 Praeterea
1389 1528 1523 1566 notitia

324 1601 371 1640 de
397 1602 591 1655 proposito
611 1602 728 1640 Persii
756 1602 795 1639 in
824 1600 1042 1649 scribendo,
1074 1602 1121 1642 de
1149 1602 1292 1655 origine
1310 1609 1348 1641 et
1368 1601 1522 1641 nomine

324 1677 480 1721 satirae,
509 1684 547 1714 et
575 1690 672 1727 quae
701 1676 748 1713 ad
775 1676 876 1714 Prol.
908 1690 960 1714 vs,
996 1678 1012 1713 1
1045 1677 1275 1728 pertinentia
1303 1677 1349 1714 de
1378 1676 1522 1727 Gorgo—

323 1751 437 1790 nibus
466 1751 506 1789 in
533 1750 727 1789 nonnullis
755 1750 947 1789 codicibus
965 1750 1145 1804 leguntur
1159 1751 1212 1802 2),
1243 1750 1357 1790 etiam
1385 1750 1424 1789 in
1453 1750 1521 1788 tri-

323 1825 395 1864 bus
419 1826 554 1863 nostris
573 1825 759 1863 Vossianis
787 1833 936 1863 exarata
963 1832 1064 1864 sunt.
1112 1825 1312 1863 Vossianus
1342 1829 1365 1863 3
1395 1833 1521 1864 tamen

322 1914 446 1956 pauca
474 1908 623 1939 tantum
652 1899 841 1948 continet3
871 1899 982 1953 plura
1012 1899 1109 1938 alter
1136 1899 1266 1947 Voss.,
1295 1899 1359 1939 sed
1386 1900 1522 1940 misere

322 1975 486 2014 lacerata
522 1982 562 2014 et
599 1975 847 2027 perturbata3
890 1975 930 2013 in
971 1974 1045 2014 hoc
1080 1989 1167 2014 vero
1212 1975 1320 2015 voss.
1354 1977 1372 2013 1
1410 1975 1522 2028 longe

324 2051 531 2103 copiosiora
558 2056 596 2087 et
623 2049 780 2087 meliora
807 2057 951 2087 servata
978 2057 1065 2087 sunt
1088 2063 1203 2101 quam
1227 2063 1248 2087 a
1271 2049 1404 2089 Iahnio
1428 2050 1520 2089 affe-

325 2132 476 2163 runtur.
536 2123 659 2173 Quam
689 2123 737 2161 ob
765 2137 845 2161 rem
873 2123 937 2161 hic
965 2123 1252 2162 describantur:

367 2198 469 2232 Satira
490 2202 536 2230 est
557 2208 655 2242 genus
670 2197 767 2230 clarni
786 2197 836 2230 vel
851 2197 946 2230 lancis
955 2197 1066 2229 multis
1084 2208 1118 2229 ac
1139 2197 1231 2229 variis
1252 2196 1380 2241 frugum
1402 2197 1519 2241 generi·

364 2264 425 2296 bus
446 2263 546 2307 plena.
592 2263 720 2296 Clarnus
741 2270 840 2308 potest
869 2263 1018 2307 appellari
1048 2263 1148 2295 discus
1170 2262 1220 2294 vel
1241 2274 1346 2294 mensa
1374 2273 1451 2306 quae
1472 2273 1518 2295 re-

364 2327 444 2362 ferta
465 2327 623 2360 sacrificiis
644 2328 747 2361 veneri
768 2328 924 2362 consuevit
953 2327 1071 2362 inferri.
1115 2329 1170 2361 Est
1199 2333 1305 2361 autem
1326 2328 1407 2362 dicta
1428 2328 1520 2362 satira

368 2466 396 2508 1)
441 2467 529 2497 Mart.
552 2468 642 2507 xw,
667 2468 718 2498 73.

366 2521 396 2564 ²)
442 2521 512 2554 vid.
546 2520 633 2553 Iahn.
648 2545 658 2562 ,
688 2532 755 2565 pag.
778 2523 863 2563 240,
886 2533 950 2566 sqq.
985 2521 1028 2555 Cf.
1046 2522 1129 2556 idem
1151 2523 1186 2554 in
1207 2521 1345 2565 Prolegg.
1367 2533 1396 2565 p.
1420 2522 1517 2563 CLII,

321 2589 352 2610 n.
376 2579 395 2610 1
420 2582 453 2610 et
475 2578 573 2610 CLXI.
