1857 3113
935 277 983 311 50

362 394 382 418 a
413 381 594 420 Teuffelio
614 383 646 430 ¹)
678 388 803 419 tamen
827 393 903 418 non
922 383 1050 433 magni
1077 382 1172 421 mihi
1196 382 1344 421 videtur
1361 384 1550 436 ponderis.

361 453 543 507 Exempla
584 453 686 492 enim
722 467 820 505 quae
849 453 977 494 attulit
1008 453 1249 494 Heinrichius
1279 456 1313 509 2)
1344 457 1428 496 satis
1456 457 1554 495 indi-

360 535 447 565 cant
476 527 704 566 vocabulum
748 542 909 566 carmen
952 529 1065 568 etiam
1108 530 1287 583 singulari
1319 545 1480 570 numero
1507 531 1554 569 de

358 601 532 658 pluribus
561 603 791 642 carminibus
819 603 985 642 eiusdem
1014 606 1159 657 generis
1175 636 1186 653 ,
1223 607 1292 645 etsi
1318 607 1426 646 nullo
1455 607 1552 645 inte—

358 678 457 716 riore
484 679 637 718 vinculo
666 679 976 724 cohaerentibus,
1006 681 1201 732 usurpari,
1232 689 1269 719 et
1297 696 1375 719 non
1404 689 1553 720 tantum

357 751 404 791 de
428 767 564 806 genere
592 753 711 806 lyrico
739 752 987 804 et’siambico,
1018 752 1097 799 sed,
1130 761 1172 792 ut
1201 754 1302 808 apud
1320 754 1549 801 Phaedrum,

358 828 472 867 etiam
520 828 566 867 de
611 828 762 867 diversis
807 828 944 866 fabulis
991 827 1030 865 in
1075 827 1202 880 plures
1246 829 1361 868 libros
1409 828 1548 867 divisis.

357 904 502 941 Eadem
543 904 817 954 significatione
860 901 938 940 Cic.
988 901 1128 941 Acadd.
1169 904 1248 952 QQ.
1296 904 1334 950 I,
1378 906 1423 950 3,
1460 903 1553 942 dixit

346 988 493 1029 poema
523 974 568 1013 de
598 975 778 1013 Varronis
807 973 959 1020 Satiris,
991 987 1083 1026 quas
1112 975 1149 1013 in
1178 976 1306 1028 plures
1326 976 1441 1014 libros
1469 990 1550 1015 eos-

355 1063 429 1101 que
446 1079 456 1096 ‚
487 1057 530 1087 ut
559 1056 716 1103 apparet
748 1062 791 1086 ex
819 1048 971 1086 diversis
999 1048 1331 1102 inscriptionibus,
1365 1051 1460 1089 varii
1492 1064 1551 1089 ar-

353 1124 527 1176 gumenti
545 1123 764 1162 distributas
783 1123 916 1168 fuisse,
945 1123 1048 1161 testis
1067 1131 1122 1162 est
1141 1124 1284 1163 Gellius
1302 1123 1352 1163 N.
1373 1123 1420 1163 A.
1442 1122 1550 1171 XIII,

355 1200 445 1245 30„
464 1206 502 1237 et
529 1198 739 1250 fragmenta
768 1196 972 1236 ostendunt
1001 1197 1052 1246 3).

409 1276 447 1311 5.
506 1272 719 1323 Relinquo]
753 1271 852 1309 Huic
880 1271 1059 1317 lectioni,
1079 1285 1195 1322 quam
1225 1286 1268 1310 ex
1297 1271 1406 1310 codd.
1429 1279 1466 1310 et
1486 1285 1549 1311 ve-

352 1346 496 1385 teribus
514 1345 742 1385 editionibus
767 1352 854 1383 ante
879 1344 1079 1383 Pithoeum
1108 1347 1250 1399 recepit
1277 1345 1470 1384 Passovius
1491 1346 1548 1396 4),

351 1421 508 1458 alteram
542 1423 704 1458 remitto
722 1450 732 1466 ‚
779 1420 841 1456 cui
870 1420 1005 1471 optimi
1032 1419 1159 1459 favent
1188 1421 1322 1468 codd.‚
1353 1435 1440 1459 cum
1468 1422 1550 1474 ple-

350 1495 475 1548 risque
512 1494 784 1534 recentioribus
815 1494 849 1547 5)
881 1493 1079 1548 praefero,
1110 1494 1217 1533 cuius
1245 1495 1418 1535 lectionis
1445 1495 1550 1535 illam

395 1629 425 1671 ¹)
470 1632 540 1673 Pag.
566 1633 618 1662 83.

396 1683 425 1725 ²)
470 1686 540 1727 Pag.
565 1686 616 1716 70.
640 1685 710 1715 Hor.
733 1685 831 1715 Carm.
856 1685 921 1723 111,
939 1684 981 1715 30
995 1706 1006 1723 ,
1020 1685 1085 1723 133
1102 1682 1197 1726 Epist.
1215 1685 1265 1723 ΙΙ,
1281 1685 1321 1724 2,
1345 1686 1408 1724 593
1424 1684 1548 1717 Phaedr.

351 1739 421 1777 111,
444 1737 524 1769 Prol.
549 1741 581 1777 33
604 1738 717 1781 quibus
751 1738 820 1769 addi
851 1742 950 1780 potest
971 1737 1089 1768 Horatii
1112 1737 1196 1769 locus
1218 1737 1304 1780 Epist
1326 1740 1340 1768 I
1353 1762 1363 1777 .,
1387 1740 1407 1769 3
1421 1762 1430 1778 ,
1453 1740 1498 1769 27
1519 1743 1551 1771 et

351 1792 530 1835 praesertim
553 1792 648 1836 Epod,
670 1793 759 1832 XIV,
785 1792 826 1832 7,
849 1791 887 1823 ad
909 1802 1002 1835 quem
1025 1790 1126 1824 locum
1148 1791 1209 1823 vid.
1233 1792 1395 1824 Duentzer.
1411 1792 1493 1824 Krit.
1516 1804 1548 1825 u.

351 1847 489 1879 Erklaer.
513 1847 542 1879 d.
566 1847 665 1879 horaz.
690 1845 782 1877 Gedd.
804 1845 869 1877 Vol.
894 1848 931 1885 I,
954 1857 1021 1889 pag.
1046 1848 1121 1877 207.

396 1902 424 1942 3)
470 1901 525 1933 eff.
561 1901 686 1941 Baehr.,
720 1900 743 1931 l.
768 1900 790 1931 l.
818 1902 845 1941 §.
870 1902 957 1939 123,
981 1902 1032 1937 Fr.
1065 1899 1232 1940 oehlerus,
1256 1902 1293 1931 Μ.
1318 1902 1384 1932 Ter.
1408 1901 1549 1933 Varronis

350 1958 468 1989 Saturr.
492 1957 624 2000 Menipp.
648 1956 807 2000 reliquiae,
831 1954 994 1997 Quedlinb.
1019 1960 1050 1986 et
1072 1956 1150 1999 Lips.
1176 1957 1282 1996 1844,
1305 1964 1372 2000 pag.
1396 1958 1438 1988 62
1461 1962 1493 1988 et
1514 1958 1549 1988 F.

350 2012 387 2042 D.
411 2010 605 2050 Gerlachius,
628 2013 659 2041 C.
677 2011 787 2042 Lucilii
799 2013 917 2042 Saturr.
941 2009 1119 2053 Reliquiae,
1140 2010 1242 2041 Turic.
1264 2012 1372 2050 1846,
1390 2022 1457 2054 pag.
1470 2012 1547 2042 CIII.

400 2064 428 2105 ⁴')
474 2067 544 2107 Pag.
568 2067 653 2104 215,
676 2075 720 2107 sq.
755 2064 840 2095 Idem
863 2063 938 2094 dicit
960 2063 1167 2103 relinquere,
1190 2068 1268 2093 teste
1290 2063 1477 2104 Casaubon0‚
1500 2075 1550 2096 ex-

354 2123 433 2149 siare
456 2118 489 2149 in
512 2118 575 2149 cod.
599 2120 668 2150 Put.
692 2130 781 2162 equo
803 2124 908 2149 tamen
931 2115 1031 2147 codice
1054 2116 1118 2159 ipse
1129 2115 1252 2147 Casaub.
1276 2117 1364 2149 claris
1383 2117 1482 2149 verbis
1504 2117 1548 2149 al-

352 2178 452 2205 teram
484 2173 646 2205 lectionem
677 2172 812 2217 profert3
843 2170 989 2204 similiter
1018 2170 1112 2202 etiam
1135 2171 1328 2204 Hermannus
1350 2176 1382 2203 et
1412 2170 1547 2203 Iahnius.

351 2227 466 2259 Deinde
500 2229 613 2259 Passov.
649 2229 743 2260 etiam
778 2239 813 2260 ex
846 2226 929 2259 codd.
965 2225 1054 2257 Roth.
1078 2231 1110 2257 et
1132 2225 1234 2257 tribus
1264 2227 1391 2258 Monace-
1415 2225 1549 2258 defendit

351 2292 439 2314 suam
462 2281 648 2324 lectionem,
683 2283 758 2315 dum
782 2281 868 2314 Iahn.
892 2292 929 2313 ex
951 2279 1000 2312 his
1022 2280 1184 2321 omnibus,
1216 2285 1337 2324 excepto
1359 2282 1387 2312 Μ
1410 2283 1441 2312 5.
1465 2282 1548 2322 (Pas-

349 2348 409 2369 sov.
434 2339 511 2370 Mon.
537 2340 599 2380 3.),
621 2338 737 2383 profert
759 2340 932 2371 remittere.

397 2391 426 2432 ⁸)
471 2394 591 2424 Praeter
613 2394 774 2427 Pithoeum
788 2395 952 2425 remittere
968 2389 1104 2422 defendit
1126 2391 1249 2423 Casanb.
1266 2402 1334 2434 pag.
1358 2393 1396 2422 41
1410 2414 1420 2430 ,
1442 2395 1474 2421 et
1495 2390 1547 2421 de-

346 2444 461 2476 derunt
483 2444 562 2476 hanc
594 2446 757 2478 lectionem
781 2446 838 2478 Th.
862 2444 1030 2477 Farnabius
1054 2447 1182 2486 (Hanov.
1208 2447 1335 2485 1623),
1356 2443 1547 2475 Schrevelius

346 2501 391 2542 (L.
417 2501 449 2531 B.
475 2501 599 2542 1648),
621 2502 742 2533 Reizius
765 2502 859 2545 (Lips.
893 2501 1017 2542 1789),
1042 2499 1232 2543 Koenigius,
1256 2497 1454 2530 Achaintrius
1477 2499 1545 2540 (Pa-

343 2555 395 2586 ris.
420 2557 507 2587 1812
531 2560 563 2586 et
587 2556 712 2597 1822),
746 2555 881 2587 Orellius
914 2556 964 2594 (in
996 2555 1115 2598 Eclogis
1135 2556 1231 2586 Poett.
1254 2555 1334 2585 Latt-
1359 2555 1430 2585 Tur.
1455 2555 1541 2586 1822
