1857 3113
841 276 890 313 89

272 382 345 429 cui,
376 383 507 422 eodem
536 380 648 419 modo
676 395 719 419 ac
751 390 876 421 nostro
905 383 1010 428 loco,
1042 390 1141 419 recte
1170 395 1212 419 ex
1243 381 1351 420 codd.
1384 396 1464 420 me·

269 458 390 496 delam
421 457 547 495 attulit
575 455 752 494 Pithoeus
783 458 838 507 1);
871 457 934 495 sed
962 457 1017 495 ibi
1046 470 1195 509 quoque
1211 457 1355 509 primus
1375 456 1462 494 Pas-

269 532 411 587 sovius,
442 531 617 569 codicum
647 540 684 570 et
713 533 955 584 antiquarum
984 533 1193 571 editionum
1224 531 1362 569 abusus
1395 545 1463 569 au-

269 606 462 651 ctoritate,
488 606 533 642 ad
554 605 775 645 deteriorem
793 607 991 645 lectionem
1009 607 1173 644 deflexit.
1206 606 1465 644 Recentissimi

269 688 396 719 autem
426 681 648 734 interpretes
677 682 711 733 2)
743 695 870 720 omnes
899 681 1079 734 optimam
1109 682 1227 719 secuti
1251 688 1337 719 sunt
1355 679 1463 718 lecti-

270 769 379 793 onem
399 785 408 801 ,
440 769 553 807 quam
583 755 735 793 Iahnius
764 757 802 793 in
831 762 974 793 textum
1000 754 1151 805 quidem
1170 755 1342 792 nondum
1362 766 1465 791 rece-

267 838 390 883 perat,
425 831 486 868 sed
520 831 558 867 in
587 830 862 882 prolegomenis
892 830 1045 867 demum
1076 829 1369 867 commendavit.
1398 828 1461 865 Vs.

269 906 320 942 90
356 903 593 942 Heinrichius
620 917 840 956 perperam,
870 917 939 957 pro
970 903 1139 941 omnium
1180 902 1258 940 sere
1295 910 1331 940 et
1365 901 1463 954 opti-

267 991 415 1016 morum
458 978 629 1015 codicum
672 978 834 1015 lectione
865 983 1040 1030 portes,
1082 976 1183 1015 dedit
1210 981 1362 1029 portas
1392 976 1459 1025 3);

267 1053 406 1091 etenim
440 1066 496 1091 res
524 1059 671 1090 tantum
700 1051 862 1105 exempli
891 1053 1007 1105 gratia
1037 1067 1056 1090 a
1085 1059 1196 1105 poeta
1220 1050 1460 1103 proponitur.

325 1129 374 1165 92
393 1156 402 1172 ,
434 1141 514 1178 sqq.
548 1125 630 1163 Sed
656 1129 835 1163 numeris
854 1126 972 1164 decor
1001 1126 1092 1176 cet.]
1126 1126 1307 1163 Venimus
1336 1125 1383 1162 ad
1406 1125 1463 1162 lo-

268 1214 352 1238 cum
373 1201 640 1239 difficillimum
669 1201 707 1237 in
737 1213 812 1251 quo
842 1200 1076 1237 enucleando
1106 1200 1199 1237 mire
1218 1213 1255 1236 se
1275 1207 1465 1237 torserunt

267 1274 488 1327 interpretes
511 1303 519 1319 ,
566 1273 633 1325 qui
674 1286 802 1311 omnes
847 1272 1000 1310 diversis
1028 1271 1149 1309 modis
1178 1286 1260 1310 eam
1282 1272 1465 1328 ⁴expedire

268 1349 392 1386 conati
420 1356 506 1386 sunt
535 1350 586 1400 4).
647 1350 701 1387 Ae
740 1350 878 1402 partim
920 1348 1073 1399 quidem
1116 1348 1215 1386 haud
1249 1349 1360 1386 facile
1391 1348 1464 1387 Oe-

267 1422 398 1475 dipum
428 1421 592 1473 aliquem
621 1423 816 1461 inventum
848 1422 893 1459 iri
913 1435 1036 1475 speres
1055 1451 1064 1467 ,
1098 1422 1163 1473 qui
1196 1423 1323 1460 omnia
1348 1422 1461 1475 plana

268 1504 305 1535 et
333 1496 504 1550 expedita
532 1497 669 1534 faciat:
721 1505 936 1550 temporum
965 1498 1065 1535 enim
1101 1498 1236 1535 iniuria
1268 1498 1464 1550 perierunt

268 1572 433 1609 carmina
452 1601 461 1617 ,
493 1585 512 1609 e
542 1571 681 1623 quibus
710 1570 882 1609 desumta
911 1579 997 1609 sunt
1025 1572 1196 1625 exempla
1226 1586 1323 1624 quae
1351 1580 1463 1625 poeta

268 1645 415 1697 tangit,
446 1652 487 1682 ut
515 1644 571 1681 his
613 1645 741 1682 inanes
782 1653 979 1697 poetarum
1028 1653 1124 1683 artes
1168 1654 1205 1683 et
1246 1659 1463 1698 perversum

267 1806 337 1831 tur:
356 1813 437 1844 euge
449 1813 559 1832 omnes
572 1803 652 1834 bene
663 1805 766 1834 mirae
785 1816 849 1845 per
869 1816 918 1834 me
942 1805 1037 1834 eritis
1050 1816 1116 1844 res*⁷
1140 1810 1171 1835 et
1195 1817 1230 1836 ex
1254 1810 1355 1836 nostro
1367 1807 1465 1837 Periz.

266 1854 319 1884 ubi
343 1866 360 1885 a
383 1857 439 1884 1’“ἃ
462 1866 557 1885 manu
581 1866 690 1886 omnes
707 1868 771 1897 per
792 1868 841 1887 me
864 1858 944 1886 hene
967 1859 1047 1886 mire
1059 1872 1071 1893 ;
1087 1869 1162 1900 quae
1184 1859 1358 1901 depravatio
1381 1871 1464 1890 vero·

266 1908 408 1940 similiter
431 1908 463 1939 in
487 1914 606 1940 textum
630 1910 752 1953 irrepsit
774 1921 790 1941 e
812 1921 853 1941 vs.
878 1910 1076 1953 praecedenti.

312 1962 338 2003 ²)
383 1963 572 1995 Vid.Passov.
595 1976 658 2007 pag.
684 1967 757 1995 343.
804 1966 871 1995 Post
894 1965 987 1996 illum
1011 1965 1153 2006 Casaub.‚
1177 1966 1325 2007 Farnab.‚
1350 1968 1461 2008 Bond.⁷

265 2015 414 2048 Schrevel.
429 2041 437 2057 ,
474 2017 553 2048 Reiz.
586 2024 616 2049 et
639 2019 763 2063 Koenig,
788 2019 877 2050 illam
899 2019 1061 2050 lectionem
1084 2026 1285 2064 receperunt3
1307 2019 1343 2052 cf.
1368 2021 1462 2053 etiam

266 2072 365 2104 Bentl.
390 2072 425 2104 ad
450 2074 518 2103 Hor.
542 2074 605 2105 Sat.
630 2074 663 2114 l,
690 2077 754 2115 10,
780 2077 830 2107 78.

312 2129 339 2168 ²)
384 2126 439 2158 Cff.
474 2127 626 2170 imprimis
656 2129 757 2160 Heinr.
790 2141 856 2172 pag.
881 2132 967 2168 1083
992 2132 1093 2161 Herm.
1118 2132 1211 2161 Lectt.
1236 2132 1328 2161 Perss.
1353 2133 1418 2171 111,
1442 2134 1462 2162 8

267 2188 297 2215 et
319 2182 443 2225 Teuffel.
468 2195 534 2226 pag.
559 2186 600 2215 59
616 2207 625 2223 ‚
648 2183 681 2214 in
704 2188 785 2214 nota.
830 2182 896 2214 Vid.
923 2183 1004 2214 lahn.
1029 2184 1062 2215 in
1086 2184 1223 2228 Prolegg.
1249 2197 1277 2228 p.
1301 2186 1410 2216 CXCV.

312 2239 339 2278 ³)
385 2241 419 2268 ln
448 2249 495 2269 vv.
527 2238 562 2269 ll.
597 2237 677 2281 apud
711 2238 814 2269 Heinr.
848 2237 884 2268 ad
917 2243 1037 2269 nostrae
1070 2240 1132 2270 Sat.
1157 2251 1184 2270 v.
1209 2241 1252 2271 90
1276 2250 1328 2282 pro
1346 2245 1463 2280 portas

267 2292 479 2323 verosimiliter
511 2292 675 2336 legendum
699 2299 744 2323 est
764 2300 883 2335 portes.
930 2293 1048 2323 Portas
1074 2299 1179 2325 autem
1215 2293 1319 2324 inveni
1342 2293 1375 2324 in
1398 2292 1460 2324 eod.

267 2345 370 2386 Leid.‚
393 2346 448 2388 qui
471 2357 532 2377 non
555 2346 708 2377 indicatus
730 2352 776 2377 est
798 2346 835 2377 ab
858 2348 1040 2377 Hermanno.

314 2400 342 2442 ¹⁴)
386 2400 441 2432 Cff.
483 2401 635 2447 imprimis
669 2411 746 2444 quae
787 2400 941 2432 Meisterus
975 2401 1008 2431 in
1043 2400 1189 2444 peculiari
1223 2401 1337 2445 disput.
1373 2413 1463 2445 supra

268 2455 408 2496 laudata,
440 2457 552 2487 Passov.
584 2456 616 2487 in
643 2455 714 2487 edit.
739 2467 805 2499 pag.
830 2457 1005 2486 304—337
1020 2480 1029 2496 ‚
1060 2462 1091 2487 et
1115 2456 1255 2488 Ritterus
1289 2457 1322 2487 in
1345 2456 1462 2487 dissert.

268 2511 384 2554 saepius
407 2510 528 2543 laudata
551 2523 617 2555 pag.
640 2513 783 2552 57—94‚
802 2510 839 2542 de
860 2509 992 2542 aliorum
1015 2510 1109 2542 huius
1132 2510 1190 2543 loci
1213 2510 1463 2554 interpretatione

267 2564 400 2596 afferunt
424 2577 561 2609 quaeque
584 2566 641 2608 ipsi
664 2565 700 2597 de
722 2577 756 2597 eo
778 2566 946 2609 disputant.
