1857 3113
882 251 930 288 49

309 358 388 399 eius
406 373 482 400 non
502 358 670 398 Persium
686 356 750 396 sed
769 357 942 398 Caesium
962 358 1117 398 Bassum
1138 369 1216 396 esse
1234 355 1427 394 contendit
1450 355 1498 408 1),

308 434 414 471 cuius
453 433 507 470 rei
543 444 614 469 nec
651 432 735 471 vola
764 446 834 471 nec
864 433 1062 485 vestigium
1092 432 1130 469 in
1160 430 1352 469 codicibus
1381 436 1499 468 exstat

308 519 435 558 neque
476 506 626 545 aliunde
666 508 871 559 quicquam
911 506 1089 544 innotuit.
1150 504 1351 544 Rationem
1389 520 1408 543 a
1438 519 1499 544 me

309 580 612 618 commendatam
629 580 804 633 probavit
821 582 895 619 iam
918 581 1065 634 pridem
1088 580 1282 617 Passovius
1311 580 1363 632 2);
1397 578 1498 631 quod

309 660 436 691 autem
464 654 526 692 hic
555 655 602 693 ad
633 656 854 694 sententiam
891 670 996 694 suam
1038 653 1277 709 probandum
1320 652 1500 691 ultimum

310 727 416 765 affert
450 737 734 780 argumentum,
764 729 867 781 quod
894 730 932 768 in
961 729 1062 767 Prol.
1094 742 1147 766 vs.
1180 730 1202 765 7
1237 741 1397 765 carmen
1426 727 1499 764 sin-

308 801 431 853 gulari
457 815 616 841 numero
643 803 807 855 positum
835 811 909 850 est,
939 802 999 849 id,
1030 801 1174 840 etiamsi
1200 800 1382 854 probatur
1409 801 1500 840 item

307 958 339 986 L.
362 958 395 986 B.
419 959 505 988 1695
541 959 606 997 4⁰.;
639 957 715 998 alii,
738 964 775 989 ut
797 958 962 1002 Koenigius
990 959 1023 990 in
1053 961 1244 1001 Argumento
1266 957 1343 989 Prol.
1367 957 1401 988 in
1424 956 1497 989 edit.

306 1021 379 1051 sua,
402 1013 483 1042 Gott.
507 1013 622 1051 1803.‚
645 1023 711 1055 pag.
732 1014 793 1053 293
816 1013 1128 1054 Plumius,-—cuius
1149 1011 1259 1051 editio,
1283 1023 1361 1055 quae
1383 1011 1499 1055 prodiit

307 1067 405 1097 Baun.
428 1068 537 1107 1827,
570 1065 649 1098 mihi
671 1067 795 1110 quidem
817 1079 878 1099 non
900 1068 937 1100 ad
960 1079 1089 1099 manum
1111 1072 1173 1107 est,
1208 1064 1258 1096 sed
1279 1065 1315 1097 de
1338 1077 1399 1097 uno
1422 1065 1497 1097 alte-

306 1130 376 1150 rove
397 1119 461 1151 loco
482 1121 632 1152 sententia
664 1133 699 1152 ex
732 1122 820 1153 modo
849 1121 972 1153 laudata
1001 1121 1140 1164 Pinzgeri
1162 1131 1287 1151 censura
1309 1119 1388 1150 mihi
1410 1120 1498 1150 inno-

306 1173 370 1205 tuit
381 1185 391 1213 3
404 1193 446 1198 —
456 1175 585 1206 Duentz.
609 1175 642 1206 in
661 1176 833 1207 Summario
852 1175 987 1219 prologi,
1010 1187 1076 1218 pag.
1100 1177 1153 1205 11.
1165 1193 1207 1198 -
1220 1175 1361 1204 Ceterum
1373 1175 1407 1204 F.
1419 1175 1449 1204 C.
1463 1175 1499 1204 R.

305 1227 467 1268 Ritterus,
489 1228 524 1259 in
544 1228 675 1271 Specim.
697 1230 826 1260 Annott.
849 1229 883 1260 in
906 1232 941 1260 A.
964 1231 1042 1260 Pers.
1071 1228 1118 1259 Fl.
1141 1229 1203 1258 Sat.
1229 1230 1259 1258 1.
1282 1228 1375 1259 Marb.
1399 1230 1498 1268 1833,

306 1291 373 1323 pag.
387 1283 429 1312 64
452 1280 487 1312 in
509 1287 593 1322 nota,
615 1281 685 1313 coll.
707 1294 796 1326 pagg.
821 1284 862 1314 79
886 1287 918 1314 et
941 1284 994 1322 84,
1017 1281 1073 1313 hac
1095 1282 1129 1312 in
1148 1292 1181 1312 re
1203 1293 1265 1313 non
1287 1281 1345 1314 sibi
1367 1288 1502 1314 constare

305 1334 434 1366 videtur.

351 1388 379 1430 ¹)
423 1391 492 1432 Pag.
507 1392 560 1431 ¹72,
582 1402 626 1434 sq.
648 1390 687 1422 cf.
710 1391 807 1424 Teuff.
830 1393 865 1424 in
886 1403 963 1424 cens.
986 1392 1008 1423 1.
1031 1403 1098 1435 pag.
1123 1392 1196 1423 ⁷783.
1215 1396 1247 1422 et
1265 1391 1418 1433 imprimis
1436 1391 1499 1433 ipse

305 1442 408 1474 Heinr.
432 1455 498 1487 pag.
523 1446 575 1476 47.
598 1456 629 1475 n.
654 1448 694 1485 1,
728 1445 782 1477 ubi
804 1446 943 1489 vulgatae
964 1445 1100 1489 opinioni
1119 1444 1207 1476 favet.
1226 1444 1284 1475 Sed
1303 1445 1365 1475 iam
1384 1449 1498 1475 veteres

304 1495 486 1528 litteratores
508 1497 591 1530 hunc
613 1504 779 1530 scazontem
801 1501 899 1531 Persio
920 1512 1004 1532 ausos
1026 1511 1086 1531 esse
1108 1498 1294 1537 abiudicare,
1325 1504 1430 1530 auctor
1452 1503 1498 1529 est

304 1551 427 1582 Casaub.
451 1551 473 1582 l.
497 1551 519 1582 l.
543 1554 684 1584 Ceterum
706 1565 809 1585 omnes
830 1553 891 1585 fere
920 1555 1112 1597 posteriores,
1143 1553 1224 1596 quod
1257 1553 1368 1592 sciam,
1404 1552 1498 1583 Persii

304 1605 484 1648 interpretes
511 1606 597 1637 Vitae
629 1612 783 1639 auctorem
806 1609 840 1639 in
861 1620 895 1640 eo
917 1614 1086 1652 sequuntur
1099 1632 1108 1648 ,
1141 1612 1179 1638 ut
1201 1606 1323 1637 tradant
1345 1617 1407 1637 non
1430 1608 1498 1637 Per-

304 1659 385 1689 sium
406 1659 509 1701 ipsum
529 1659 583 1691 has
604 1661 717 1692 Satiras
749 1661 896 1702 edidisse,
920 1663 970 1694 sed
992 1668 1060 1705 post
1088 1662 1152 1692 eius
1175 1666 1306 1691 mortem
1329 1662 1499 1691 Cornutum

305 1712 405 1744 Caesio
427 1715 513 1744 Basso
535 1713 662 1745 edendas
684 1715 841 1747 tradidisse
864 1716 915 1757 (de
935 1716 1023 1747 cuius
1045 1715 1079 1745 in
1101 1714 1180 1746 hanc
1202 1714 1366 1745 editionem
1390 1713 1499 1745 collata

304 1778 393 1811 opera
416 1766 496 1799 nihil
526 1774 680 1812 praeterea
701 1770 864 1802 memoriae
897 1770 1054 1814 proditum
1085 1770 1164 1810 est)3
1195 1767 1275 1799 solus
1304 1767 1444 1799 Ritterus
1466 1767 1500 1798 in

302 1821 416 1864 disput.
450 1822 538 1854 modo
570 1823 592 1853 l.
627 1837 693 1868 pag.
730 1828 772 1856 64
805 1837 837 1857 n.
869 1830 899 1856 et
921 1837 988 1868 pag.
1014 1827 1076 1863 76,
1098 1824 1199 1866 ipsum
1221 1822 1356 1853 Persium
1379 1821 1497 1855 librum

304 1877 389 1906 Basso
417 1875 567 1907 edendum
597 1878 753 1908 tradidisse
774 1878 867 1917 dicit,
898 1878 931 1908 in
953 1888 1086 1908 errorem
1112 1877 1257 1907 inductus
1287 1888 1376 1918 prava
1410 1876 1497 1908 lecti-

302 1941 359 1962 one
391 1932 543 1962 recitavit
574 1938 730 1971 cornuto,
764 1942 818 1974 pro
844 1942 903 1975 qua
925 1930 958 1962 in
987 1929 1137 1973 plerisque
1160 1929 1249 1960 codd..
1266 1929 1343 1960 item
1366 1930 1400 1960 in
1422 1930 1495 1962 edit.

303 1997 349 2029 pr.
382 1984 497 2028 legitur
530 1993 687 2016 cornutus
721 1985 864 2027 (alteram
896 1996 999 2016 vocem
1029 1983 1098 2015 aliis
1129 1983 1219 2015 aliter
1243 1984 1494 2027 exhibentibus),

303 2051 397 2085 quam
420 2040 581 2072 lectionem
605 2039 847 2072 commendatam
869 2052 887 2072 a
909 2038 1098 2082 Breitingero
1120 2038 1154 2069 in
1176 2038 1368 2070 Schelhornii
1389 2041 1497 2071 Amoe-

303 2096 377 2127 nitt.
400 2096 523 2127 Litterr.
549 2097 582 2126 T.
598 2097 645 2135 X,
668 2106 735 2138 pag.
759 2097 865 2135 1128,
888 2099 919 2126 et
941 2106 958 2125 a
981 2092 1149 2132 Bouherio,
1171 2092 1283 2124 ibidem
1307 2105 1374 2137 pag.
1399 2096 1497 2134 1143,

303 2161 347 2194 sq.
369 2150 404 2181 in
433 2155 554 2181 textum
588 2149 701 2193 recepit
722 2148 858 2180 Oudend.
881 2149 914 2180 in
937 2150 1006 2180 Vita
1027 2148 1120 2179 Persii
1151 2148 1185 2178 in
1214 2147 1288 2178 edit.
1322 2149 1405 2179 Suet.
1429 2160 1496 2191 pag.

301 2205 389 2237 1006
411 2210 443 2236 et
464 2204 574 2248 optimi
596 2205 710 2249 quique
731 2203 866 2236 editores.
910 2204 1020 2235 Mirum
1047 2203 1171 2247 itaque,
1195 2214 1318 2246 pravam
1341 2203 1429 2234 illam
1453 2204 1497 2234 le·

302 2259 434 2290 ctionem
457 2258 554 2290 adhuc
575 2265 689 2291 exstare
718 2259 753 2290 in
775 2258 845 2290 Vita
873 2259 1034 2302 praemissa
1055 2259 1147 2290 Persii
1169 2258 1241 2290 edit.
1270 2256 1496 2289 Teubnerianae

302 2314 408 2351 1826,
431 2318 552 2343 curatae
573 2312 611 2342 ab
633 2315 667 2343 E.
692 2315 726 2343 G.
750 2311 887 2343 Webero.
931 2313 1066 2344 Eandem
1088 2312 1166 2344 hanc
1187 2312 1350 2343 lectionem
1372 2319 1494 2344 secutus

302 2376 363 2398 esse
386 2364 507 2397 videtur
522 2365 693 2406 Bentleius‚
716 2365 750 2396 in
772 2364 865 2397 Praef.
887 2363 924 2398 ad
943 2368 1044 2398 Horat.
1067 2378 1134 2410 pag.
1154 2368 1181 2398 X
1200 2366 1272 2398 edit.
1294 2367 1372 2411 Lips.
1395 2369 1493 2409 1764,

302 2433 319 2453 e
340 2418 401 2466 quo
423 2421 488 2454 loco
510 2422 603 2454 etiam
627 2426 710 2465 patet
732 2431 804 2452 eum
826 2421 986 2462 statuisse,
1010 2420 1173 2465 Prologum
1196 2421 1235 2454 ad
1256 2434 1360 2455 omnes
1382 2423 1494 2455 Satiras

301 2476 462 2518 pertinere.

346 2530 375 2571 ²)
419 2531 488 2573 Pag.
512 2532 598 2572 188,
620 2542 662 2577 sq.
