1857 3113
850 286 919 322 ‘69

302 392 487 432 modatius
514 393 679 445 posuerit
708 396 773 431 z'us
801 393 946 430 dicam.
1007 392 1055 430 At
1085 405 1171 430 vero
1195 400 1294 430 totus
1313 393 1489 431 orationis

301 474 410 505 tenor
435 480 585 520 prorsus
614 481 690 505 non
720 467 876 519 requirit
900 466 1100 504 formulam
1128 466 1231 504 illam
1251 465 1487 510 iudicialem,

298 556 374 593 qua
403 543 548 595 ingrate
579 543 795 582 turbaretur
835 542 1026 580 familiaris
1054 541 1229 580 orationis
1258 542 1383 586 color,
1426 541 1489 579 cui

299 623 429 653 eontra
459 619 668 670 appositum
697 618 809 670 plane
838 625 892 655 est
920 619 983 655 vis
1011 617 1143 655 dicam
1177 617 1224 667 1).
1258 614 1487 665 »Quomodo

300 688 381 726 fieri
407 693 523 742 possit
553 701 594 730 ut
621 692 702 738 illi,
747 705 910 743 quorum
940 692 1241 730 benevolentiam
1284 690 1390 727 donis
1419 688 1487 727 ob-

299 763 486 815 soniisque
514 766 695 818 captasti,
727 767 912 803 sincerum
941 766 1133 817 proferant
1161 763 1379 802 iudicium?
1440 762 1488 799 At

299 836 401 873 visne
430 851 499 889 ego
528 838 596 875 tibi
625 852 754 876 verum
786 839 907 876 dicam
921 838 968 875 ‘?''
1025 837 1087 876 Sic
1117 847 1218 876 recte
1248 837 1372 875 omnia
1400 850 1488 888 pro-

300 909 453 949 cedunt.
515 910 652 950 Contra
682 913 711 950 si
738 915 804 950 ius
833 912 965 951 dicam
995 913 1203 966 legeretur,
1234 910 1396 949 formula
1425 909 1488 947 illa

298 992 425 1023 nostro
453 986 536 1024 loco
564 989 696 1039 procul
726 989 841 1027 dubio
868 988 1053 1040 flagitaret
1082 987 1249 1025 additum
1278 999 1487 1039 pronomen

298 1072 392 1111 ege,
424 1068 499 1098 tam
527 1070 682 1115 propter
710 1064 908 1102 transitum
929 1093 939 1110 ‚
978 1077 1093 1115 quarn
1122 1061 1222 1114 quod
1251 1061 1288 1098 in
1318 1061 1399 1097 iure
1428 1058 1488 1096 di-

298 1135 415 1173 cendo
444 1137 595 1174 maximi
633 1138 807 1189 ponderis
836 1146 914 1182 est,
953 1151 1049 1188 quae
1078 1137 1123 1174 sit
1151 1149 1309 1188 persona
1338 1135 1405 1185 qui
1434 1134 1491 1171 ius

297 1210 411 1249 dicat.
442 1235 495 1241 —-
523 1213 567 1250 In
596 1212 711 1249 altera
739 1225 854 1263 quam
885 1211 1110 1249 Hauthalius
1136 1209 1331 1262 proposuit
1359 1221 1488 1246 emen-

295 1286 485 1325 dationem
517 1288 740 1325 vocabulum
779 1288 889 1325 calve
917 1301 991 1325 non
1038 1285 1306 1338 appellativum
1349 1292 1484 1337 putat,

296 1359 359 1397 sed
387 1375 525 1399 nomen
566 1362 788 1414 proprium,
832 1369 875 1400 ut
912 1375 955 1399 eo
995 1359 1227 1411 significetur
1259 1357 1302 1396 C.
1333 1358 1488 1396 Licinii

300 1431 419 1471 Calvi
443 1442 577 1486 poetae
595 1465 604 1480 ‚
648 1434 788 1473 Catulli
816 1435 950 1480 amici,
992 1434 1126 1484 aliquis
1156 1433 1339 1476 imitator,
1370 1431 1483 1481 idque

295 1520 371 1544 non
388 1515 535 1546 tantum
554 1516 680 1547 nostro
700 1509 802 1555 loeo,
833 1508 896 1546 sed
924 1509 1037 1547 etiam
1057 1522 1109 1546 vs.
1133 1508 1182 1544 68
1202 1515 1238 1545 et
1255 1520 1305 1544 vs.
1330 1508 1378 1543 75
1400 1519 1484 1546 ver-

293 1581 369 1628 bis,
400 1588 535 1620 noster
555 1589 679 1636 poeta
708 1592 745 1622 et
764 1597 858 1636 euge
877 1590 1018 1637 poeta,
1048 1583 1216 1640 Persium
1246 1582 1359 1620 talem
1381 1580 1486 1619 Calvi

294 1658 538 1697 imitatorem'
559 1660 741 1711 respicere
770 1659 922 1697 iudicat.
982 1659 1123 1697 Verum
1153 1657 1298 1696 Persius
1326 1657 1369 1694 iis
1396 1656 1487 1694 locis

293 1735 435 1771 nonin
482 1747 558 1772 uno
594 1736 715 1786 poesis
752 1749 887 1787 genere
927 1747 1041 1786 prava
1085 1733 1253 1785 pericula
1294 1732 1484 1776 traducit,

293 1808 356 1845 sed
401 1809 606 1860 generatim
648 1810 687 1847 in
734 1810 835 1847 omni
878 1810 983 1861 poesi
1029 1808 1222 1846 tractanda
1269 1808 1484 1858 ineptorum

291 1888 486 1932 poetarum
531 1890 685 1919 conatus
726 1883 895 1919 deridet:
941 1896 1029 1934 ergo
1068 1896 1145 1919 non
1174 1895 1302 1919 eorum
1334 1887 1482 1917 tantum

292 1955 358 2006 qui
377 1954 534 1993 Calvum
563 1956 813 1994 imitarentur.
844 1957 1055 2002 Praeterea,
1086 1956 1151 1993 ubi
1180 1956 1278 2009 apud
1308 1956 1483 2007 antiquos

291 2030 432 2068 mentio
474 2030 518 2067 fit
562 2029 608 2068 do
651 2028 756 2068 Calvi
796 2030 895 2068 illius
938 2031 1102 2084 poetices
1143 2031 1293 2077 studio,
1339 2044 1484 2084 semper

290 2105 367 2143 fere
395 2118 482 2142 cum
514 2103 664 2142 Catullo
693 2106 936 2158 coniungitur
965 2106 1031 2156 2),
1077 2106 1142 2156 qui
1179 2120 1198 2143 a
1241 2107 1365 2144 Persio
1394 2119 1483 2143 nus-

291 2192 405 2231 quam
435 2187 677 2218 memoratur.
752 2180 892 2218 Plinius
938 2179 1091 2231 quidem
1123 2180 1240 2233 Epist.
1274 2180 1332 2226 V,
1378 2183 1426 2227 3,
1460 2183 1480 2217 5

335 2355 361 2394 ¹)
407 2351 448 2383 Cf.
471 2354 556 2383 Mart.
581 2356 642 2394 vl,
668 2358 728 2395 30,
752 2358 772 2387 6
796 2362 827 2387 et
850 2358 928 2396 VII,
951 2358 1016 2396 99,
1041 2358 1092 2387 10.

333 2406 362 2447 2)
408 2408 477 2438 Hor.
511 2408 572 2438 Sat.
598 2411 631 2447 1,
657 2411 718 2449 10,
751 2412 812 2449 193
836 2409 921 2441 Ovid.
947 2410 1036 2440 Trist.
1072 2412 1121 2451 11,
1147 2412 1233 2451 427,
1266 2422 1353 2455 sqq.3
1380 2414 1479 2443 Amor.

288 2462 340 2500 11,
366 2463 407 2500 3,
431 2464 491 2502 61,
515 2473 581 2505 sq.;
615 2464 747 2506 Propert.
780 2466 831 2504 11,
869 2467 927 2506 19,
962 2467 1022 2505 403
1056 2468 1104 2506 ΙΙ,
1128 2468 1193 2506 25,
1218 2469 1278 2507 87,
1302 2479 1377 2510 Sqq3
1401 2468 1480 2498 Plin.

226 2553 228 2555 q
289 2516 363 2557 Epp.
388 2517 424 2555 l,
450 2519 489 2548 16
505 2541 514 2557 ,
537 2520 581 2556 53
603 2518 724 2548 Sentius
747 2519 947 2566 Augurinus,
971 2520 1052 2563 apud
1075 2521 1206 2553 eundem
1229 2522 1306 2553 Plin.
1331 2525 1389 2561 lv,
1413 2525 1456 2553 27
1471 2546 1479 2561 ‚

288 2571 326 2609 43
349 2569 427 2601 Gell.
451 2572 483 2602 N.
509 2574 543 2603 Α.
567 2574 657 2612 xlx,
682 2574 721 2612 93
744 2571 780 2604 cf.
805 2574 896 2607 etiam
921 2577 1004 2607 Suet.
1030 2576 1061 2607 in
1086 2577 1139 2607 vit.
1165 2578 1242 2608 Caes.
1267 2578 1399 2608 LXXIII.
