1857 3113
887 288 935 326 73

314 387 512 432 lectionem
541 392 697 431 mobilis
716 396 876 433 imitari
893 396 1034 449 spernit
1052 403 1089 435 et
1108 397 1291 450 aptiorem
1309 396 1451 435 iudicat
1473 396 1505 448 ¹)

312 465 522 519 vulgatam,
553 467 709 506 mobilis
736 471 898 508 imitata
927 476 988 509 est
1016 471 1051 523 2)
1074 486 1082 519 ;
1116 479 1256 518 tamen,
1287 471 1508 509 scholiastae

311 539 412 577 nisus
427 542 662 590 auctoritate,
680 546 958 584 emendandum
976 547 1153 599 proponit
1167 547 1311 584 nobilis
1330 547 1504 590 imitari,

311 626 426 664 quam
454 614 652 655 lectionem
681 632 757 657 non
784 621 886 658 omni
915 621 1088 659 codicum
1117 622 1357 659 firmamento
1377 633 1504 658 carere

250 713 254 715 >
310 687 505 727 existimat.
554 690 609 728 De
629 694 856 744 argumentis
870 694 927 732 his
943 696 1096 748 singulis
1112 695 1277 733 breviter
1296 695 1501 733 videamus.

310 760 532 809 Discrimen‚
563 765 661 815 quod
682 766 717 803 in
739 767 927 806 adiectivis
956 770 994 806 in
1014 771 1085 806 ilis
1112 769 1417 806 animadvertisse
1436 767 1505 805 sibi

311 835 473 883 videtur,
503 838 613 875 nimis
642 838 779 877 subtile
808 847 862 878 est
891 855 1005 893 quam
1035 850 1077 880 ut
1099 849 1296 895 propterea
1315 842 1504 893 vulgatam

310 910 458 948 missam
491 911 684 951 faciamus,
743 914 913 953 Mobilis
948 917 1049 954 enim
1077 918 1106 954 is
1135 917 1272 954 dicitur
1300 917 1366 968 qui
1394 916 1504 953 facile

309 986 451 1023 moveri
490 995 641 1038 potest,
672 998 709 1027 et
737 991 906 1030 similiter
950 992 1095 1030 nobilis
1138 992 1203 1043 qui
1244 992 1353 1029 facile
1400 992 1504 1029 nosci

309 1066 432 1110 potest
462 1060 513 1110 3);
547 1062 702 1101 mobilis
731 1067 892 1104 z‘mz'tarz'
922 1067 1036 1118 igitur
1064 1066 1092 1103 is
1122 1073 1175 1103 est
1212 1066 1280 1117 qui
1319 1079 1503 1103 manuum

309 1140 348 1171 et
375 1133 577 1185 digitorum
617 1145 723 1176 motu
769 1140 873 1191 agilis
901 1148 939 1178 et
979 1140 1109 1177 dexter
1136 1147 1191 1177 est
1221 1140 1259 1176 in
1288 1139 1470 1177 imitando
1491 1169 1501 1185 ,

309 1208 454 1247 nobilis
494 1224 689 1263 superare
728 1212 835 1264 (Hor.
875 1213 999 1252 Carm.
1032 1214 1077 1260 Ι,
1111 1215 1158 1251 12
1184 1243 1193 1259 ,
1223 1215 1273 1250 26
1293 1243 1302 1260 ,
1332 1213 1408 1264 sq.)
1437 1214 1504 1265 qui

310 1283 464 1320 eximius
491 1291 528 1321 et
557 1285 679 1322 clarus
708 1294 762 1323 est
790 1288 828 1323 in
846 1288 1079 1340 superando,
1101 1300 1196 1338 quae
1215 1286 1502 1337 significationes

309 1356 401 1407 quid
429 1356 616 1405 differant,
648 1366 689 1397 ut
719 1359 880 1399 alterum
909 1361 1023 1399 talem
1052 1368 1277 1399 structuram
1307 1360 1502 1398 admittere

308 1430 454 1481 possit,
500 1431 660 1469 alterum
703 1446 778 1470 non
820 1435 964 1486 possit,
1002 1434 1178 1484 equidem
1208 1447 1282 1470 non
1313 1433 1416 1471 video
1445 1434 1497 1484 4).

355 1586 382 1626 ¹)
425 1586 518 1616 Suam
541 1585 596 1617 hac
618 1586 654 1618 de
676 1598 709 1618 re
731 1588 928 1631 opinionem,
952 1600 1045 1632 quam
1065 1588 1159 1619 etiam
1182 1588 1216 1618 in
1238 1587 1311 1618 edit.
1333 1588 1393 1617 Sat.
1412 1588 1446 1627 1,
1470 1598 1499 1630 p.

309 1640 369 1679 23,
393 1651 436 1683 sq.
454 1640 667 1682 indicaverat,
701 1642 812 1675 clarius
842 1644 978 1687 exposuit
1008 1649 1039 1675 et
1069 1649 1175 1674 eontra
1197 1642 1363 1674 Hermanni
1387 1643 1499 1683 (Leett.

309 1694 398 1724 Perss.
422 1696 470 1734 II,
495 1697 551 1736 16)
575 1694 754 1728 obiectiones
777 1697 933 1737 defendit,
956 1697 977 1728 l.
1001 1698 1023 1728 l.
1047 1708 1114 1740 pag.
1139 1699 1212 1727 311.

353 1750 381 1790 ²)
425 1751 526 1790 Quam
541 1756 606 1793 post
618 1750 776 1792 Orellium,
789 1753 843 1796 qui
855 1752 962 1783 iamin
978 1757 1027 1784 1¹¹¹*
1041 1752 1113 1782 edit.
1126 1750 1322 1782 infinitivum
1334 1756 1500 1793 receperat,

308 1802 369 1834 huc
386 1815 481 1847 usque
492 1804 572 1835 solus
590 1806 690 1837 tuitus
712 1813 776 1838 crat
799 1819 871 1838 cum
894 1810 927 1838 E.
942 1810 976 1838 G.
988 1807 1139 1845 Webero,
1163 1817 1254 1848 quem
1278 1806 1344 1836 vide
1366 1817 1432 1848 pag.
1447 1809 1498 1837 31.

354 1858 381 1898 ⁸)
426 1858 602 1898 Adiectivis,
624 1871 691 1902 pag.
715 1863 790 1900 312,
811 1861 849 1891 ab
872 1860 1006 1899 Hauth.,
1033 1871 1069 1890 ex
1092 1859 1233 1890 Ruddim.
1258 1861 1346 1889 Instt.
1372 1861 1422 1889 Gr.
1446 1861 1498 1898 ΙΙ,

308 1912 384 1951 225,
407 1917 438 1942 et
460 1911 504 1942 ibi
526 1923 556 1942 n.
581 1915 612 1951 3,
635 1914 827 1953 memoratis,
850 1913 919 1944 addi
941 1919 1039 1956 potest
1063 1914 1177 1945 docilis
1200 1912 1279 1955 apud
1291 1914 1361 1943 Luc.
1375 1914 1408 1951 1,
1422 1914 1498 1952 326,

308 1965 362 2008 qui
385 1970 501 2007 praeter
522 1966 641 1996 locum:
668 1967 818 2009 »faciles
840 1967 928 2008 dare,
951 1968 1033 1999 tueri
1056 1967 1255 2011 dzfficiles,''
1280 1966 1349 1997 libr.
1374 1968 1408 2006 Ι,
1433 1968 1499 1997 110

309 2020 383 2060 (non
406 2022 468 2051 105
489 2025 525 2051 ut
547 2032 564 2051 a
587 2020 730 2053 Ruddim.
755 2022 884 2054 citatum
907 2024 991 2065 est),
1013 2022 1106 2054 etiam
1129 2024 1181 2062 11,
1217 2023 1282 2053 657
1300 2021 1419 2064 facilis
1441 2020 1499 2053 tali

308 2074 396 2106 modo
418 2081 628 2107 constructum
650 2076 752 2108 hahet.

353 2128 382 2170 ⁴)
427 2130 468 2159 De
491 2140 548 2160 usu
570 2129 721 2162 infinitivi
744 2131 777 2161 in
790 2132 907 2162 Horatii
929 2130 1116 2162 carminibus
1138 2130 1243 2173 lyricis
1265 2130 1302 2161 cf.
1327 2130 1451 2161 omnino
1465 2132 1501 2161 F.

309 2182 466 2219 Lubkerus
479 2184 511 2215 in
524 2183 577 2216 lib.
593 2185 647 2228 qui
668 2185 864 2218 inscribitur:
878 2187 1069 2217 Commentar
1092 2196 1130 2215 zu
1153 2186 1272 2216 Horaz's
1284 2184 1369 2216 Oden
1382 2186 1497 2224 1-111,

307 2249 375 2280 pag.
400 2241 573 2270 409—413
599 2245 630 2270 et
652 2240 804 2283 imprimis
825 2240 861 2271 de
884 2238 1034 2270 infinitivi
1064 2249 1122 2269 usu
1145 2244 1212 2281 post
1234 2239 1398 2278 adiectiva,
1431 2250 1497 2281 pag.

308 2294 392 2332 412,
415 2303 457 2335 sq.
482 2292 535 2324 ubi
558 2293 591 2324 in
613 2294 673 2325 duo
695 2305 728 2326 ea
750 2295 855 2326 divisit
877 2304 995 2337 genera,
1018 2292 1152 2324 alterum
1175 2304 1279 2324 eorum
1302 2304 1378 2336 quae
1403 2291 1497 2323 facul-

308 2351 404 2377 tatem
427 2346 585 2387 indicant,
608 2347 641 2377 in
665 2347 777 2390 quibus
798 2348 973 2379 infinitivus
995 2348 1111 2391 positus
1133 2349 1174 2379 sit
1208 2359 1261 2390 pro
1295 2358 1425 2390 praepos.
1461 2349 1497 2377 in

308 2411 379 2431 cum
402 2399 494 2431 ablat.
518 2400 700 2442 gerundivi3
723 2412 767 2432 ex.
792 2413 836 2443 gr.
860 2403 955 2432 Carm.
980 2404 1006 2441 Ι,
1029 2404 1090 2441 10,
1117 2404 1136 2431 7
1150 2425 1159 2441 ,
1182 2413 1225 2444 sq.
1252 2400 1406 2432 »callidus
1428 2412 1497 2432 eon-

307 2454 416 2494 dere'’;
440 2457 471 2495 Ι,
495 2456 557 2495 12,
581 2456 642 2495 26,
673 2465 715 2498 sq.
748 2454 885 2486 »nobilis
919 2459 1097 2500 superare'';
1130 2456 1265 2488 alterum
1295 2466 1400 2487 corum
1421 2466 1498 2499 quae

309 2507 404 2539 finem
428 2508 627 2552 significant,
650 2510 683 2540 in
706 2509 817 2554 quibus
840 2510 1016 2542 infinitivus
1038 2511 1140 2542 locum
1162 2517 1287 2554 occupet
1309 2520 1437 2554 praepos.
1454 2509 1500 2539 ad

308 2574 333 2593 c.
356 2573 449 2595 accus.
474 2564 620 2606 gerund.;
644 2575 687 2595 ex.
712 2576 756 2607 gr.
780 2567 817 2606 Ι,
850 2568 867 2596 1
883 2590 892 2606 ,
917 2568 969 2599 18.
994 2565 1160 2598 »indocilis
1182 2565 1278 2609 pati.’'
