1857 3113
896 283 944 320 94

318 386 474 427 chianus
507 387 659 427 exhibet
698 388 877 441 quidem,
919 402 992 441 qua
1028 396 1153 427 tamen
1192 388 1402 427 mutatione
1437 402 1512 427 non

317 476 409 514 opus
426 470 506 508 est,
537 476 658 514 quum
680 464 793 501 etiam
822 463 912 500 alibi
931 464 1110 516 equidem
1138 463 1239 517 apud
1260 464 1429 501 Persium
1457 463 1512 501 le-

317 545 428 590 gatur
455 538 641 576 secundae
658 551 841 591 personae
875 540 1069 586 iunctum,
1102 539 1181 579 Sat.
1215 539 1263 586 V,
1297 542 1345 578 45
1379 540 1427 591 ¹).
1458 539 1514 578 De

317 612 453 651 harum
484 613 755 666 particularum
785 626 854 651 usu
871 622 908 652 et
938 615 1156 653 confusione
1182 615 1346 653 conferri
1364 628 1514 653 meren-

316 694 401 725 tur:
435 688 581 727 Passov.
613 687 657 726 ad
687 702 726 726 n.
770 689 797 726 l.
829 703 917 741 pag.
951 691 1057 736 3403
1091 689 1272 728 Ruddim.
1304 690 1414 729 Instt.
1447 690 1511 729 Gr.

316 762 334 799 Ι
356 792 365 808 ,
396 765 474 800 322
495 793 504 809 ,
535 778 573 802 n.
607 767 660 810 53
695 765 843 802 Ernest.
876 764 915 801 in
945 763 1004 802 Cl.
1038 763 1116 802 Cic.
1149 765 1187 801 in
1216 777 1251 803 v.
1278 778 1286 811 ;
1326 764 1511 816 Interprr.

318 836 365 874 ad
396 836 502 876 Curt.
525 838 572 884 V,
606 840 675 885 13,
708 843 747 886 33
782 839 886 878 Cort.
919 840 965 878 ad
996 839 1093 878 Plin.
1116 840 1253 892 Epistt.
1285 840 1337 887 II,
1370 842 1442 886 20,
1464 841 1509 877 11

317 919 354 949 et
376 911 563 950 Boettich.
589 913 627 950 in
647 914 736 951 Lex.
761 915 879 952 Tacit.
897 915 936 951 in
955 928 989 951 v.
1009 937 1063 943 —
1083 915 1242 952 Versum
1270 923 1396 953 autem
1423 917 1510 952 115:

929 999 1033 1030 secuit
1055 999 1190 1031 Lucilius
1212 999 1339 1040 urbem,

469 1064 511 1094 Te
535 1065 634 1106 Lupe,
658 1069 689 1094 te
712 1063 811 1103 Muci,
835 1069 866 1094 et
889 1064 1061 1106 genuinum
1083 1063 1176 1107 fregit
1198 1065 1232 1096 in
1255 1065 1338 1105 illis,

318 1153 431 1191 quem
473 1141 659 1178 intactum
705 1140 941 1192 reliquerunt
987 1154 1117 1178 omnes
1162 1141 1228 1192 qui
1274 1141 1360 1179 data
1403 1154 1515 1193 opera

317 1215 486 1253 Persium
533 1215 821 1267 explicuerunt,
867 1214 1118 1253 sollicitarunt
1157 1214 1281 1253 Dousa
1316 1215 1354 1253 in
1402 1213 1515 1253 Com-

317 1290 542 1329 mentariolo
572 1290 618 1327 ad
651 1291 782 1328 Horat.
834 1304 866 1328 c.
918 1290 986 1327 IX.
1023 1290 1079 1340 2),
1122 1290 1188 1327 ubi
1232 1303 1301 1341 pro
1342 1291 1386 1326 in
1427 1290 1516 1326 illis

317 1367 409 1419 legit
438 1365 576 1410 Iulis,
623 1372 660 1401 et
701 1363 909 1401 Scriverius
952 1364 1017 1412 3),
1063 1363 1129 1415 qui
1157 1362 1301 1400 mavult
1343 1363 1513 1400 inultus.

316 1441 545 1495 Nuperrime
575 1452 662 1477 vero
696 1438 798 1476 doct.
832 1438 998 1476 Estreius
1028 1439 1086 1487 4),
1127 1437 1339 1490 improbata
1368 1437 1514 1476 Dousae

316 1516 546 1561 coniectura,
568 1514 725 1552 alteram
746 1514 941 1566 proposuit
958 1514 1135 1559 Asellis,
1155 1521 1192 1551 et
1212 1513 1390 1565 intelligit
1410 1514 1516 1552 Asel—

315 1591 396 1628 lum
427 1590 637 1628 Tribunum
667 1588 788 1641 plebis
817 1589 855 1625 in
886 1602 1000 1639 quem
1035 1587 1113 1626 Cic.
1148 1588 1195 1626 de
1222 1587 1328 1627 Orat.
1356 1588 1415 1636 ΙΙ,
1447 1590 1513 1628 64.

317 1666 462 1703 dictum
502 1665 666 1702 facetum
709 1671 894 1701 memorat
931 1662 1130 1715 Scipionis.
1193 1663 1363 1701 Asellum
1402 1664 1515 1702 istum

318 1752 445 1776 revera
464 1737 681 1790 perstrinxit
710 1736 877 1773 Lucilius
907 1735 980 1781 IX,
1017 1736 1063 1773 fr.
1098 1739 1119 1772 5
1153 1736 1260 1786 (edit.
1294 1736 1511 1785 Gerlach.);

315 1813 418 1864 quod
449 1812 728 1863 fragmentum,
757 1818 947 1849 servatum
966 1823 987 1847 a
1006 1809 1127 1847 Gellio
1147 1813 1204 1862 5),
1232 1810 1284 1848 ita
1313 1823 1350 1847 se
1375 1809 1510 1849 habet:

448 1905 631 1948 »Scipiadae
654 1916 765 1947 magno
788 1903 947 1935 obiiciebat
970 1903 1090 1935 Asellus

446 1972 615 2009 Lustrum⁷
638 1968 694 1999 illo
717 1969 861 2008 Censore‚
885 1968 1005 2000 malum
1028 1967 1195 2012 infelixque
1217 1967 1338 2001 fuisse.’'

317 2057 392 2095 Sed
438 2069 557 2107 quum
604 2061 642 2092 et
686 2053 814 2105 Lupus
861 2061 897 2091 et
940 2053 1087 2092 Mucius
1128 2068 1288 2093 numero
1337 2055 1516 2107 singulari

499 2148 576 2158 -ο

363 2203 389 2243 ¹)
435 2199 493 2233 Ubi
517 2199 576 2231 vid.
601 2199 724 2239 Heinr.‚
748 2210 814 2242 pag.
840 2200 914 2230 101.

360 2256 390 2298 ²)
438 2258 474 2287 ln
497 2255 570 2287 edit.
594 2266 664 2286 cum
688 2256 859 2286 Comment.
884 2255 974 2298 Cruq.
999 2256 1030 2285 L.
1054 2256 1088 2285 B.
1112 2255 1218 2293 1597,
1241 2264 1308 2297 pag.
1332 2255 1407 2286 665.

359 2311 388 2352 ⁸)
434 2310 502 2342 Vid.
526 2310 573 2341 vir
595 2309 701 2340 doctus
724 2310 757 2340 in
780 2308 923 2340 observv.
947 2308 1043 2339 Misce.
1068 2309 1105 2348 V,
1122 2311 1151 2348 3,
1175 2319 1243 2351 pag.
1267 2310 1318 2339 27.
1342 2307 1384 2339 cf.
1409 2308 1514 2339 Heinr.

314 2377 382 2409 pag.
406 2368 482 2397 110.

359 2419 389 2462 Δ)
435 2422 482 2451 ln.
516 2421 619 2451 Horat.
650 2422 822 2464 Prosopogr.
856 2422 915 2460 79,
949 2431 993 2462 sq.
1024 2418 1112 2459 Quod
1146 2429 1220 2461 opus
1251 2418 1354 2462 paucis
1388 2423 1516 2450 tantum

313 2474 472 2508 mensibus
502 2481 573 2506 ante
600 2482 730 2506 mortem
753 2475 954 2506 eruditissimi
977 2474 1036 2506 viri
1060 2476 1293 2517 (praematuro,
1324 2472 1420 2504 eheu!
1453 2472 1514 2505 fato

313 2531 390 2563 caris
412 2529 549 2573 cognatis
571 2529 743 2573 litterisque
765 2530 894 2573 erepti!)
918 2529 1096 2561 absolutum
1119 2528 1242 2572 prodiit.

360 2587 388 2628 ⁸)
434 2587 469 2617 N.
492 2587 528 2617 A.
553 2586 617 2625 IV,
642 2586 694 2615 17.
