1857 3113
884 342 933 379 96

309 444 398 485 dere
426 454 652 499 potuerant,
684 448 771 484 facit
799 447 914 498 ipsius
944 447 1089 485 Horatii
1127 447 1231 485 locus
1262 445 1413 499 (Epistt.
1446 445 1503 492 ΙΙ,

312 523 348 565 1,
372 523 438 567 55,
458 520 578 571 sqq.),
610 518 675 558 ubi
704 520 803 558 inter
821 533 882 558 eos
912 521 978 572 qui
1009 528 1150 559 veteres
1179 535 1222 559 eo
1252 528 1420 574 tempore
1437 519 1506 557 ha·

306 592 496 632 bebantur
522 601 656 646 poetae
686 594 900 633 referuntur
945 595 1155 641 Pacuvius,
1201 595 1351 642 Attius,
1396 594 1505 633 Afra—

306 668 411 714 nius,
456 670 522 721 qui
566 669 662 706 circa
702 669 840 707 Lucilii
884 677 1052 723 tempora
1102 671 1271 708 vixerunt
1313 667 1502 708 et'ultra.

305 743 423 781 Recte
453 752 578 781 tamen
609 744 706 782 idem
738 745 904 783 Estreius
933 746 1231 791 animadvertit,
1277 745 1347 783 hoc
1390 746 1473 783 loco
1493 775 1503 791 ‚

306 817 373 855 ubi
402 819 670 872 Aristophanes
699 820 932 857 coniunctim
964 821 1180 858 nominatur
1219 832 1306 856 cum
1352 817 1504 856 Cratino

305 901 421 944 atque
451 895 638 946 Eupolide
657 925 667 941 ,
699 909 836 933 nomen
868 909 989 933 senex
1018 909 1094 933 non
1125 894 1211 932 now-⁸
1244 893 1378 942 ἐξοχήν
1405 893 1504 932 idem

302 982 410 1020 posse
442 969 652 1020 significare
682 970 785 1019 quod
816 972 1001 1020 priscus.
1051 970 1171 1017 Quam
1216 970 1265 1006 ob
1309 964 1387 1006 reni
1433 968 1504 1005 hoc

302 1043 428 1094 potius
456 1042 608 1080 honoris
637 1056 765 1081 caussa
794 1043 829 1081 ei
858 1042 1032 1080 tribuisse
1062 1042 1229 1080 Persium
1256 1049 1372 1094 puto,
1402 1054 1500 1093 quae

302 1117 526 1167 significatio
547 1118 623 1154 fere
642 1131 791 1170 semper
809 1118 917 1154 alteri
936 1117 1113 1154 adiuncta
1130 1130 1206 1153 esse
1222 1116 1315 1153 mihi
1335 1115 1500 1159 videtur,

302 1190 368 1228 ubi
395 1190 442 1228 de
471 1191 720 1244 scriptoribus
749 1198 786 1228 et
815 1191 1045 1243 sapientibus
1075 1204 1196 1229 sermo
1225 1198 1300 1237 est3
1334 1190 1394 1228 eff.
1439 1203 1502 1227 ex-

301 1267 426 1319 empla
446 1281 544 1318 quae
562 1266 689 1305 attulit
720 1266 850 1304 Heinr.
883 1266 927 1304 ad
952 1280 990 1304 n.
1023 1266 1049 1304 l.
1071 1266 1119 1315 Ι).
1152 1264 1226 1303 Sed
1249 1265 1361 1303 etiam
1382 1277 1502 1302 senex

300 1354 369 1393 per
398 1355 436 1378 se
465 1355 541 1378 non
572 1355 719 1394 semper
738 1341 812 1378 dici
834 1340 881 1378 de
910 1349 1031 1379 aetate
1050 1340 1156 1379 valde
1174 1346 1349 1393 provecta
1371 1346 1502 1377 auctor

300 1423 355 1454 est
385 1416 604 1454 Gerlachius
633 1417 685 1467 2),
718 1418 835 1454 citans
864 1417 961 1454 Livii
989 1417 1117 1454 locum
1149 1415 1287 1466 (XXX,
1318 1416 1404 1465 30),
1435 1415 1501 1452 ubi

298 1489 490 1528 Hannibal
507 1504 543 1529 se
558 1491 680 1543 ipsum
694 1504 824 1529 senem
840 1498 964 1537 vocat,
979 1490 1307 1543 quadragesimum
1323 1496 1499 1541 quartum

298 1564 411 1601 modo
436 1565 566 1602 aetatis
598 1579 740 1602 annum
769 1579 894 1617 agens.
932 1565 1052 1602 Versu
1082 1565 1247 1615 denique
1283 1577 1359 1614 seq.
1400 1563 1499 1600 solus

298 1639 500 1677 Teuffelius
516 1640 567 1691 3),
585 1640 878 1692 resragrantibus
896 1640 1069 1678 omnibus
1092 1639 1211 1685 libris,
1232 1652 1300 1691 pro
1318 1637 1498 1690 Adspice

297 1720 336 1752 et
364 1716 461 1752 haec
488 1715 579 1767 legit
609 1716 667 1753 ad
694 1718 805 1763 haee,
836 1716 881 1754 ad
910 1715 1197 1754 similitudinem
1227 1728 1280 1752 vs.
1305 1716 1328 1751 9
1350 1720 1497 1751 nostrae

298 1786 456 1826 Satirae.
489 1788 627 1826 Sensus
656 1797 784 1827 autem
812 1790 875 1827 hic
904 1797 971 1827 est:
1006 1789 1232 1838 Quicunque
1261 1786 1497 1824 delectentur

295 1870 492 1914 poetarum
524 1865 657 1902 veteris
687 1865 904 1902 comoediae
950 1863 1134 1907 lectione,
1178 1861 1215 1898 hi
1257 1861 1370 1899 etiam
1413 1873 1495 1898 mea

294 1937 460 1974 carmina
493 1937 632 1989 legant.
694 1938 829 1989 Itaque
857 1937 952 1975 nihil
980 1936 1221 1975 mutandum.

339 2084 366 2123 ¹)
413 2085 482 2124 Pag.
507 2085 581 2113 115.
606 2082 652 2112 Ibi
676 2088 779 2113 tamen
803 2084 970 2113 Pacuvius
998 2087 1029 2112 et
1056 2082 1141 2120 Cato,
1161 2081 1193 2111 in
1217 2080 1290 2111 locis
1312 2080 1413 2110 citatis
1436 2082 1494 2110 110-

292 2136 365 2167 ratii
388 2142 419 2167 et
443 2136 612 2176 CiceroniS‚
637 2137 730 2167 etiam
754 2148 837 2168 senes
860 2137 896 2168 de
919 2142 1016 2167 aetate
1038 2135 1113 2166 dicti
1137 2145 1198 2165 esse
1221 2139 1356 2177 possunt.
1381 2135 1429 2164 lta
1449 2139 1494 2164 est

292 2191 325 2222 in
349 2202 374 2221 c.
399 2192 457 2231 IX,
481 2191 539 2222 Cic.
565 2193 650 2222 Brut.
666 2192 701 2222 ut
718 2197 799 2222 recte
811 2198 915 2223 contra
937 2188 1326 2223 Plumiumanimadvertit
1348 2188 1492 2227 Estreius‚

291 2255 359 2288 pag.
386 2247 445 2284 74,
470 2256 499 2275 n.
526 2247 554 2275 4.
580 2243 621 2275 Cf.
645 2246 739 2276 etiam
771 2246 927 2286 Ritterus‚
950 2246 972 2276 l.
996 2245 1017 2276 l.
1042 2244 1096 2275 ubi
1121 2254 1186 2286 pag.
1219 2244 1280 2281 21,
1312 2252 1375 2284 sqq.
1399 2241 1493 2272 etiam

290 2299 327 2330 de
350 2298 405 2330 hoc
427 2298 491 2330 loco
516 2299 599 2342 agit,
629 2299 684 2341 qui
708 2305 814 2330 tamen
836 2311 909 2331 cum
939 2310 1058 2330 censore
1086 2296 1201 2328 lenensi
1237 2295 1381 2326 versionis
1411 2297 1491 2326 Don-

290 2354 432 2386 nerianae
455 2353 558 2384 locum
582 2352 744 2386 laudatum
757 2355 816 2386 Cic.
842 2355 874 2386 in
894 2356 979 2385 Brut.
992 2352 1145 2396 intelligit
1156 2351 1192 2383 de
1205 2356 1304 2383 aetate
1317 2349 1492 2382 remotiore.

336 2411 365 2450 ²)
411 2408 490 2440 1..1.

336 2464 364 2503 ³)
410 2465 478 2506 Pag.
504 2466 566 2503 60,
590 2470 670 2495 nota.
