1857 3113
910 260 958 300 92

333 364 507 405 iunctura
542 367 772 405 anteriorum
808 373 1006 419 poetarum
1046 367 1275 406 carminibus
1309 365 1523 419 praestent:

334 442 464 491 quales
496 449 582 479 sunt
609 442 677 491 qui
707 440 911 478 laudantur
938 441 1127 479 clausulae
1157 449 1194 479 et
1222 454 1368 479 versus:

1009 534 1204 577 Berecyntius
1227 534 1331 574 Attis,

525 599 585 628 Et:
611 598 666 641 qui
689 597 862 628 caeruleum
885 598 1047 629 dirimebat
1071 600 1162 629 Nerea
1184 599 1329 642 delphin,

523 662 593 695 Sic:
619 668 733 693 costam
756 662 846 706 longo
869 662 1072 695 subduximus
1095 663 1265 706 Apennino.

333 746 397 791 At,
427 759 495 798 per
523 746 694 785 divinum
723 748 887 786 Maronis
917 761 1067 786 carmen
1096 749 1144 798 Ι),
1178 762 1304 787 nonne
1331 749 1419 787 talia
1437 763 1528 801 poe-

332 829 435 859 mata
462 823 607 860 tumida
651 830 738 860 sunt
780 831 816 860 et
846 824 976 860 inflata
1006 831 1043 861 et
1072 824 1150 861 sine
1181 824 1305 875 vigore
1333 823 1527 876 impolita,

332 904 374 933 ut
405 904 509 934 vetus
554 896 696 933 suberis
737 896 877 933 ramale
924 897 985 933 cui
1028 897 1205 948 vegrandi
1235 898 1373 935 cortice
1419 909 1530 934 omne

332 971 448 1009 robur
475 971 669 1009 ademtum
699 979 767 1009 est.
829 971 926 1021 Quid
956 972 1056 1010 enim
1074 972 1092 1009 ’.Ρ
1132 979 1268 1010 suntne
1300 985 1342 1010 ea
1371 978 1499 1009 tenera
1519 1000 1528 1016 ,

331 1054 467 1085 suntne
495 1047 576 1085 laxa
617 1047 760 1085 cervice
789 1047 974 1099 legenda,
1016 1055 1058 1085 ut
1101 1062 1181 1085 mos
1223 1055 1278 1085 est
1317 1054 1529 1085 nostrorum

331 1119 558 1158 hominum?
591 1120 704 1159 rell.''
738 1121 815 1168 Sic,
848 1121 887 1158 ni
915 1121 1040 1167 fallor,
1071 1121 1196 1159 omnia
1216 1120 1286 1159 rite
1304 1120 1528 1173 procedunt,

332 1209 457 1249 neque
485 1210 552 1233 nos
582 1194 793 1233 morabitur
822 1196 1030 1234 Heinrichii
1065 1197 1100 1247 2)
1132 1196 1318 1234 dubitatio
1347 1197 1528 1234 obiicien-

333 1271 379 1308 tis
409 1270 515 1307 nullo
545 1270 714 1323 exemplo
743 1270 895 1323 probari
922 1285 1049 1323 posse,
1079 1284 1214 1324 poema
1239 1271 1314 1309 dici
1340 1284 1408 1323 pro
1436 1270 1529 1309 scri-

336 1353 443 1399 ptore
463 1353 499 1383 et
519 1346 737 1398 scriptorem
767 1359 836 1397 pro
865 1347 979 1398 ipsius
995 1348 1135 1385 mortui
1153 1345 1339 1383 manibus.
1371 1344 1414 1382 ld
1444 1358 1530 1381 vero

330 1432 378 1457 ne
405 1419 570 1472 probatu
599 1420 754 1471 quidem
785 1434 878 1473 opus
913 1427 980 1458 est.
1031 1421 1146 1458 Poeta
1175 1419 1297 1465 enim,
1335 1419 1531 1471 increpans

330 1494 547 1546 aequalium
578 1508 729 1532 suorum
760 1495 847 1533 vitia
870 1526 880 1541 ,
925 1495 1073 1533 invocat
1101 1502 1139 1532 et
1169 1500 1327 1532 testatur
1369 1493 1530 1530 Maronis

331 1580 483 1606 carmen
510 1569 642 1606 Arma
671 1571 817 1615 virum,
850 1576 1032 1620 tanquam
1063 1568 1204 1621 ingenii
1232 1575 1269 1606 et
1292 1568 1379 1605 artis
1403 1580 1529 1605 exem-

330 1642 441 1694 plar,
472 1642 510 1680 in
539 1643 641 1694 quod
671 1644 805 1681 merito
836 1656 966 1682 omnes
1009 1643 1147 1681 intueri
1177 1642 1363 1687 decebat,
1403 1649 1446 1679 ut
1485 1655 1530 1679 eo

333 1717 530 1764 ostendat,
562 1725 747 1769 quantum
779 1718 960 1755 seriorum
991 1717 1181 1770 ampullae
1207 1717 1253 1754 ab
1281 1717 1391 1755 huius
1421 1730 1530 1771 prae-

332 1793 467 1829 stantia
496 1792 689 1829 distarent.
723 1791 905 1828 Similiter
936 1791 1129 1842 antiquam
1159 1791 1354 1835 virtutem,
1385 1791 1499 1827 fidem
1519 1819 1528 1835 ‚

330 1865 551 1918 religionem
581 1866 710 1903 testari
738 1873 774 1904 et
804 1866 978 1904 invocare
1009 1865 1187 1904 solemus.
1216 1864 1392 1904 Ceterum
1412 1878 1530 1903 arma

330 1943 460 1978 virum
490 1955 598 1993 saepe
627 1955 696 1993 pro
736 1941 903 1978 Aeneide
943 1941 1033 1992 poni
1075 1941 1255 1978 solitum:
1303 1941 1401 1979 valet
1443 1954 1531 1993 ergo

330 2014 430 2053 idem
460 2029 503 2054 ac
533 2015 562 2053 si
592 2015 759 2054 Aeneida
788 2016 848 2054 vel
892 2016 1078 2055 Aeneidos
1118 2025 1268 2070 poetam
1309 2018 1528 2055 invocasset.

331 2091 376 2128 In
426 2104 533 2129 versu
586 2092 758 2142 sequenti
809 2105 939 2129 omnes
987 2091 1065 2128 scre
1107 2092 1209 2142 iique
1252 2092 1386 2145 optimi
1429 2091 1531 2129 codi-

332 2180 392 2204 ces
430 2165 573 2204 habent
608 2169 895 2220 praegrandis
935 2167 969 2217 3)
993 2196 1002 2213 ,
1049 2167 1109 2205 sed
1155 2167 1226 2205 hac
1254 2168 1292 2204 in
1328 2180 1367 2204 re
1408 2166 1531 2219 potius

375 2331 403 2374 ¹)
448 2332 505 2363 Cui
529 2332 591 2362 iam
614 2337 734 2363 mature
757 2343 818 2363 non
841 2330 969 2364 defuisse
992 2331 1225 2372 obtrectatores,
1249 2330 1382 2363 ostendit
1394 2331 1471 2363 Dial.
1495 2331 1531 2363 de

331 2388 414 2418 Orat.
439 2398 464 2418 c.
488 2388 615 2427 XXIII,
638 2392 669 2418 et
692 2385 783 2419 verba
806 2388 932 2419 Senecae
954 2387 1034 2431 apud
1059 2387 1136 2420 Gell.
1161 2389 1194 2420 N.
1218 2389 1254 2419 A.
1277 2388 1356 2427 ΧΠ,
1379 2389 1410 2418 2.

375 2441 404 2482 ²)
451 2442 485 2471 P.
509 2443 583 2472 101.

376 2496 404 2536 ³)
450 2499 485 2526 In
508 2500 611 2526 nostro
646 2498 726 2527 Voss.
753 2500 767 2526 1
793 2497 908 2540 legitur
940 2508 1022 2539 prae
1054 2496 1194 2540 grandis
1228 2502 1259 2527 et
1292 2495 1531 2539 suprascriptum

330 2551 399 2581 sive
423 2561 465 2581 ex
487 2550 541 2581 vel
562 2551 607 2580 in.

1536 2604 1540 2624 ι
