1857 3113
837 313 887 348 83

257 422 436 476 copulare
464 420 639 466 videtur,
670 419 848 472 equidem
878 421 1034 474 iungere
1070 420 1198 458 malim
1227 433 1315 458 cum
1345 433 1429 458 ecce
1444 433 1455 456 .·

258 495 366 534 Ecce
392 493 505 531 modo
522 523 532 539 ,
563 492 603 531 h.
634 507 667 532 e.
700 494 785 532 vide
812 494 951 541 modo;
989 517 1044 524 —
1071 495 1123 533 ita
1152 496 1370 533 concinnior
1397 502 1454 533 est

257 582 379 608 sermo
396 576 433 607 et
452 568 621 606 continet
637 567 852 621 exemplum
881 569 968 607 artis
994 569 1150 622 peritiae
1178 569 1290 608 modo
1312 583 1332 607 e
1351 569 1454 621 vulgi

259 643 443 682 sententia
484 650 677 695 tantopere
720 644 890 683 iactatae.
950 645 1133 698 Exempla
1164 645 1452 683 constructionis

258 717 370 756 huius
406 717 578 757 vocabuli
621 718 734 756 modo
775 732 863 757 eum
902 719 1123 771 imperativo
1167 719 1288 769 (cuius
1325 718 1453 756 locum

259 804 344 829 ecce
371 788 471 829 recte
500 793 617 843 tenet)
650 793 753 831 dedit
781 794 856 830 iam
886 792 1126 830 Heinrichius
1161 793 1216 842 1),
1248 792 1310 828 cui
1328 799 1455 828 tamen

258 865 363 918 prior
375 866 634 919 interpretatio
647 868 765 921 magis
779 867 918 921 placet.
977 865 1162 911 Hisaddi
1188 872 1346 919 possunt
1373 863 1452 902 Cic.

259 940 306 978 aa
333 923 573 987 Divv.'vu;
626 944 662 980 2.
697 943 819 981 »vide
846 942 1027 991 m0d0;”
1070 941 1180 981 ovid.
1212 925 1319 980 Meu.
1354 940 1453 985 xv,

261 1015 352 1052 583.
386 1027 411 1051 >›
428 1022 468 1053 tu
487 1015 599 1053 modo
617 1029 751 1069 rumpe
770 1031 915 1055 moram
929 1032 938 1065 3
952 1016 976 1033 ''
996 1031 1047 1056 vs,
1081 1018 1158 1054 659
1178 1046 1187 1063 ,
1206 1030 1276 1068 sq.
1310 1029 1335 1052 »
1352 1014 1456 1052 hunc

259 1090 371 1127 modo
399 1098 610 1143 serpentem
637 1114 691 1120 —
717 1094 887 1145 perspice
904 1094 951 1140 ;''
993 1093 1111 1131 Fastt.
1145 1092 1178 1129 V
1197 1122 1207 1138 ‚
1240 1092 1331 1129 689.
1365 1104 1390 1127 »
1407 1089 1455 1128 da

258 1165 372 1203 modo
398 1166 502 1204 lucra
535 1165 630 1204 mihi
649 1165 673 1181 ''
714 1174 751 1205 et
780 1167 833 1206 VI
852 1199 861 1214 ‚
907 1171 985 1207 379
1008 1198 1017 1214 ‚
1062 1181 1116 1219 sq.
1150 1180 1174 1203 ›>
1192 1173 1233 1204 tu
1260 1161 1374 1202 modo
1401 1186 1455 1192 -—

258 1239 411 1277 effice.''

314 1314 380 1353 74.
444 1311 615 1351 Gum—
632 1314 750 1367 uxor]
821 1314 938 1355 Recte
970 1315 1209 1354 Heinrichius
1237 1323 1275 1353 et
1303 1314 1457 1353 Iahnius

258 1388 461 1426 lectionem
485 1403 571 1427 cum
589 1413 644 1420 —
662 1391 901 1445 dictatorem
929 1391 988 1441 2),
1016 1404 1131 1442 quam
1160 1404 1238 1428 non
1267 1390 1458 1428 numerosi

258 1464 411 1515 quidem
453 1464 516 1503 sed
556 1466 689 1518 optimi
735 1465 877 1504 habent
913 1464 1058 1502 codices
1088 1465 1151 1515 3),
1193 1464 1456 1517 praetulerunt

305 1618 333 1659 ¹)
378 1621 416 1651 Pa
442 1643 448 1650 .
473 1623 524 1651 93.

303 1673 331 1715 2)
375 1631 480 1706 lahgiiio
502 1681 624 1715 tamen,
648 1676 681 1706 in
705 1677 818 1707 Annot.
843 1675 916 1706 Crit.
941 1674 978 1706 ad
1001 1687 1032 1706 n.
1056 1674 1077 1706 l.
1102 1687 1130 1718 p.
1157 1677 1208 1715 15,
1232 1686 1293 1706 non
1316 1674 1457 1718 displicet

257 1728 430 1760 coniectura
461 1730 576 1761 Heinsii
610 1731 666 1760 cui
688 1749 730 1754 —-
753 1730 964 1770 dictatorem,
996 1740 1090 1773 quam
1122 1730 1278 1773 proposuit
1310 1729 1348 1762 ad
1370 1729 1457 1761 ovid.

259 1784 342 1813 Mett.
366 1785 430 1822 Vl,
454 1786 541 1824 629;
576 1795 669 1827 quem
703 1784 843 1824 dativum
874 1784 1063 1826 pronominis
1087 1782 1176 1815 affert
1210 1783 1296 1815 lahn.
1329 1795 1365 1814 ex
1395 1783 1458 1814 eod.

259 1839 327 1870 Put.
358 1839 395 1880 (P
426 1841 469 1881 1.)
503 1851 520 1871 e
542 1850 602 1883 quo
625 1840 726 1869 Herm.
750 1840 807 1880 (K)
842 1839 903 1880 qui
931 1837 1022 1868 dedit.
1066 1839 1164 1869 Antea
1187 1837 1335 1881 optimam
1370 1837 1459 1868 lecti-

258 1904 348 1924 onem
371 1893 432 1924 iam
455 1893 598 1924 dederant
620 1892 741 1924 Casaub.
755 1916 764 1932 ‚
788 1892 880 1923 Bond.
893 1915 903 1932 ‚
920 1893 999 1923 Reiz.
1013 1916 1022 1932 7
1046 1893 1186 1935 Koenig.‚
1209 1894 1343 1931 Passov„
1362 1891 1457 1923 Orell.

258 1952 291 1978 et
312 1948 347 1977 G.
372 1948 405 1978 E.
429 1946 576 1977 Weberus
597 1947 630 1977 in
653 1957 728 1977 vers.

301 2000 330 2041 3)
375 2002 495 2032 Praeter
529 2007 709 2032 memoratos
730 2012 748 2032 a
771 1999 857 2031 Iahn.
892 2001 922 2041 (e
953 2000 1063 2032 nostris
1095 1999 1176 2031 solus
1198 2002 1278 2032 Voss.
1311 2003 1329 2031 1
1355 2012 1372 2032 a
1396 2003 1453 2032 1¹¹·

259 2065 354 2086 manu
376 2054 467 2087 habet
501 2067 594 2096 cum,
629 2054 722 2086 ceteri
755 2066 849 2097 quem
879 2060 911 2085 et
933 2065 1037 2085 omnes
1060 2054 1278 2093 dictaturam
1306 2055 1355 2087 cff.
1379 2066 1457 2099 quae

260 2109 394 2142 diximus
415 2122 483 2154 pag.
507 2113 565 2152 29)
589 2122 661 2142 cwm
684 2130 727 2135 -
751 2110 940 2141 dictatorem
964 2109 1057 2140 etiam
1080 2109 1155 2140 dant
1177 2109 1240 2141 cod.
1265 2112 1352 2141 Rom.
1375 2109 1456 2153 apud

259 2164 363 2196 Heinr.
386 2171 418 2196 et
441 2164 550 2197 Ebner.
579 2164 659 2209 apud
692 2167 794 2195 Herm.
831 2165 940 2204 (Lectt.
972 2165 1064 2194 Perss.
1096 2166 1163 2204 ΙΙΙ,
1190 2166 1231 2204 '73
1254 2163 1291 2195 ef.
1315 2168 1364 2204 ΙΙ,
1388 2167 1457 2206 20).

258 2219 318 2251 Sed
339 2220 434 2251 etiam
455 2219 487 2251 h.
510 2220 533 2252 l.
557 2231 619 2251 non
641 2218 836 2251 consentiunt
857 2217 940 2250 codd.
965 2217 1110 2250 lectiones
1139 2230 1214 2263 quas
1243 2219 1380 2251 afferunt
1409 2231 1459 2251 va-

260 2273 300 2304 rii
333 2274 525 2317 interpretes.
570 2274 618 2304 Sic
647 2275 758 2304 Passov.
795 2274 875 2315 (pag.
910 2275 990 2314 294)
1025 2270 1101 2305 dicit
1133 2280 1238 2304 totum
1268 2285 1391 2304 versum
1417 2275 1457 2304 74

259 2326 359 2358 deesse
383 2327 417 2358 in
451 2328 514 2359 eod.
548 2329 660 2358 Monac.
684 2328 702 2356 1
727 2337 762 2357 ex
786 2337 847 2369 quo
868 2326 931 2358 cod.
955 2325 1042 2358 Iahn.
1066 2329 1109 2368 (M
1133 2328 1179 2367 6.)
1203 2326 1351 2370 optimam
1374 2326 1458 2357 dedit

259 2380 430 2413 lectionem.
475 2381 559 2413 Idem
582 2392 677 2423 quem
699 2392 734 2412 ex
757 2381 820 2413 cod.
846 2381 960 2422 Roth„
981 2381 1067 2414 Iahn.
1093 2384 1136 2423 (Μ
1163 2382 1219 2423 11)
1243 2393 1324 2412 cum.
1372 2382 1459 2413 Trev-

261 2438 282 2467 2
304 2436 353 2478 (in
375 2448 436 2481 quo
451 2436 513 2468 cod.
536 2436 639 2468 omnia
660 2435 771 2467 desunt
794 2447 811 2467 a
833 2448 862 2468 v.
888 2449 948 2481 seq.
967 2448 1062 2481 nsque
1081 2437 1119 2469 ad
1141 2439 1204 2469 Sat.
1218 2439 1276 2477 111,
1299 2439 1360 2479 50)
1381 2436 1461 2479 apud

261 2490 364 2522 Heinr.
389 2503 481 2532 cum,
511 2491 592 2535 apud
615 2494 715 2523 Herm.
739 2493 794 2534 (D)
817 2503 921 2534 quem.
967 2493 1010 2523 De
1032 2492 1096 2523 cod.
1128 2494 1197 2524 Put.
1229 2492 1291 2523 iam
1318 2492 1460 2523 vidimus.

261 2546 351 2576 Porro
372 2546 435 2577 cod.
460 2545 550 2578 Goth.
574 2546 653 2590 apud
675 2547 751 2578 Pass.
764 2570 774 2587 ‚
809 2545 895 2578 Iahn.
920 2551 952 2577 et
974 2546 1079 2578 Heinr.
1115 2546 1208 2578 habet
1244 2546 1460 2586 dictaturam,

260 2599 311 2631 sed
332 2600 412 2643 apud
434 2607 624 2645 postremum
635 2601 709 2634 huic
732 2601 878 2634 vocabulo
902 2602 1122 2646 suprascriptae
1145 2607 1218 2634 sunt
1240 2600 1364 2632 litterae
1387 2612 1405 2632 o
1428 2607 1460 2632 et

1260 2666 1306 2702 5.
