1857 3113
288 384 533 433 agnoverunt
578 391 803 433 semperque
847 385 1100 433 agnoscetur.
1159 380 1480 420 WENCKEBACHII

289 491 420 523 autem
449 488 635 533 iactura,
665 490 787 526 nimis
815 489 954 526 acerbo
970 490 1071 540 fato
1100 494 1137 525 et
1157 492 1273 540 quasi
1292 492 1335 526 in
1345 491 1483 541 primo

290 591 408 628 aditu
436 593 638 644 confossi,
669 595 783 644 quale
810 597 897 633 eius
931 595 1178 633 desiderium
1213 595 1423 645 reliquerit
1452 597 1486 631 ii

291 692 495 725 testantur
511 718 522 734 ‚
565 691 631 739 qui
647 691 913 742 praeclarum
940 693 1071 729 virum
1091 693 1263 744 penitus
1293 694 1485 728 noverunt

291 786 329 818 et
358 784 429 835 pii
471 783 667 837 discipuli
686 815 696 831 ,
739 786 854 839 apud
890 800 983 838 quos
1029 787 1142 824 nulla
1184 799 1352 837 unquam
1398 784 1486 822 dies

291 883 433 933 optimi
460 857 655 936 magistri
679 886 908 922 memoriam
936 884 1093 923 delebit.

348 975 435 1015 Vos
477 980 619 1016 saltem
665 982 905 1033 superstites
947 994 1034 1019 esse
1080 979 1182 1017 Viri
1214 977 1483 1021 Clarissimi,

293 1083 366 1110 vm
399 1073 635 1112 GOUDOEVER
664 1080 703 1112 et
730 1075 912 1113 KARSTEN
929 1105 939 1121 ‚
986 1076 1326 1113 aestumatissimi
1355 1073 1486 1111 Prae-

292 1170 501 1222 ceptores!
547 1174 691 1209 eximie
732 1173 874 1210 laetor.
939 1170 1090 1221 Qualia
1131 1175 1353 1221 quantaque
1381 1169 1490 1207 vobis

294 1265 451 1303 debeam
466 1296 476 1312 ‚
497 1269 564 1317 qui
580 1280 699 1318 neque
710 1267 876 1320 publica
893 1268 1168 1312 institutione,
1188 1278 1307 1317 neque
1315 1267 1490 1317 privata

294 1362 583 1409 admonitione,
615 1362 768 1400 studiis
787 1366 886 1402 meis
905 1377 1073 1415 unquam
1092 1362 1307 1414 defuistis,
1324 1367 1489 1414 gratum

295 1464 333 1495 et
362 1459 475 1497 dulce
503 1465 565 1497 est
591 1460 816 1499 recordari.
877 1459 1033 1497 Vestra
1061 1459 1286 1513 disciplina
1308 1488 1318 1504 ,
1351 1464 1489 1496 vestra

295 1554 481 1592 doctrina
493 1585 502 1602 ‚
519 1561 656 1593 vestra
674 1557 908 1594 humanitas
922 1561 1110 1606 quantum
1124 1556 1225 1593 mihi
1232 1556 1488 1608 profuerint,

296 1655 451 1690 utinam
480 1667 679 1705 nunquam
698 1653 845 1706 palam
865 1652 1117 1707 praedicare
1145 1652 1355 1690 desinam!
1414 1654 1490 1699 At,

300 1749 419 1788 Vos!
449 1751 584 1789 eadem
613 1752 881 1790 benevolentia
900 1781 909 1797 ,
941 1750 1077 1788 eadem
1107 1753 1293 1788 comitate
1315 1781 1324 1797 ‚
1356 1751 1492 1788 eadem

297 1849 481 1884 amicitia
501 1878 510 1893 ,
560 1861 635 1899 qua
673 1860 734 1884 me
771 1850 814 1884 in
854 1846 1065 1885 academia
1092 1845 1492 1884 Rheno-Traiectina

300 1941 450 1978 studiis
480 1942 780 1980 humanioribus
809 1955 970 1995 operam
999 1947 1211 1979 navantem
1241 1945 1461 1995 excepistis
1481 1973 1491 1989 ‚

299 2041 420 2077 etiam
461 2041 504 2076 in
535 2042 745 2090 posterum
779 2038 975 2089 prosequi
992 2039 1186 2090 pergatis
1220 2039 1335 2075 enixe
1363 2051 1458 2090 rogo
1478 2039 1494 2075 !

303 2137 390 2175 Vos
420 2142 646 2186 vestrosque
668 2134 740 2171 diu
769 2138 899 2171 servet
936 2133 1070 2171 salvos
1099 2136 1273 2186 sospites
1303 2132 1413 2171 Deus
1446 2132 1492 2171 O.

301 2232 363 2270 M.
394 2237 484 2284 opto
506 2261 514 2277 ‚
537 2229 722 2284 precor!

358 2326 444 2364 Vos
464 2339 615 2372 omnes,
649 2325 753 2362 Viri
785 2323 1021 2363 Clarissimi
1044 2329 1083 2361 et
1106 2323 1347 2362 Boctissimi
1364 2354 1373 2370 ,
1406 2338 1495 2375 quo-

301 2437 390 2461 rum
426 2423 574 2462 scholis
596 2452 606 2470 ‚
643 2423 726 2459 sive
753 2419 997 2459 academicis
1017 2450 1026 2467 ,
1065 2422 1149 2459 sive
1177 2422 1303 2468 aliis,
1346 2421 1468 2473 adsui
1484 2451 1493 2466 ‚

300 2523 417 2572 grati
444 2521 663 2573 accipiatis
692 2520 820 2557 animi
848 2518 1168 2569 testificationem
1185 2519 1202 2556 ,Ι
