1857 3113
929 285 978 322 80

350 400 426 429 non
471 390 580 428 nimis
622 390 749 427 stricte
793 389 1008 441 accipienda
1056 397 1110 427 est
1158 390 1220 439 1),
1265 402 1382 440 quum
1425 388 1550 442 potius

351 466 445 504 verti
474 465 609 503 debeat
640 464 744 502 lubet
772 465 823 515 2).
891 464 1001 515 Quod
1041 478 1128 503 vero
1157 463 1202 502 ad
1232 477 1369 504 nexum
1399 470 1549 501 senten-

349 539 486 576 tiarum
516 538 676 584 attinet,
707 552 783 590 quo
811 539 851 576 hi
881 552 1005 577 versus
1035 539 1122 577 inde
1151 553 1171 576 a
1200 552 1251 576 vs.
1284 540 1334 575 63
1362 536 1550 590 prioribus

349 620 629 658 annectuntur,
674 621 775 651 recte
817 627 903 651 eum
945 621 1215 666 perspexerunt
1246 611 1483 651 Heinrichius
1513 611 1547 662 3)

348 692 384 722 et
417 686 619 722 Teuffelius
660 687 725 734 4),
771 687 837 737 qui
877 686 988 724 verba
1030 689 1123 737 quis
1160 687 1303 738 populi
1331 699 1458 722 sermo
1488 688 1550 721 est

347 759 417 810 ipsi
443 766 577 811 poetae
606 758 795 805 tribuunt,
827 774 945 812 quum
975 761 1037 798 alii
1068 761 1180 799 etiam
1210 760 1272 799 hic
1301 760 1347 798 de
1375 758 1548 797 adversa-

348 833 403 869 rio
437 833 629 884 cogitant,
676 835 741 885 qui
774 835 930 885 quidem
959 849 1035 873 non
1075 848 1173 872 unus
1202 848 1351 887 semper
1379 841 1416 872 et
1446 833 1547 870 idem

347 915 423 953 est,
455 908 517 944 sed
548 908 665 945 varias
704 916 830 960 partes
872 910 975 961 agit,
1022 917 1064 946 ut
1092 917 1174 961 post
1209 909 1422 947 Passovium
1452 907 1548 945 bene

344 982 609 1020 animadvertit
639 981 795 1021 Iahnius
826 984 876 1034 5).

400 1059 465 1095 69.
527 1056 633 1094 Ecce
650 1057 762 1094 modo
778 1059 939 1109 heroas]
992 1060 1062 1097 Pro
1078 1059 1149 1096 hac
1164 1058 1333 1097 omnium
1352 1055 1545 1100 codicum,

345 1144 419 1168 uno
448 1130 506 1168 vel
535 1129 683 1168 duobus
712 1133 875 1185 exeeptis
905 1132 970 1184 ⁶),
1007 1132 1168 1171 lectione
1199 1133 1236 1169 in
1267 1131 1358 1170 edit.
1395 1129 1544 1167 Heinri-

343 1205 478 1242 chiana
506 1218 549 1243 ex
569 1203 782 1243 casauboni
807 1207 1023 1244 coniectura
1045 1214 1240 1259 receptum
1258 1213 1314 1243 est
1333 1206 1472 1242 lzeroos
1491 1204 1543 1254 ⁷),

391 1350 418 1390 ¹)
464 1351 504 1381 Ut
527 1348 598 1380 fecit
622 1351 814 1380 Hermannus
837 1349 870 1380 in
894 1360 946 1381 sua
969 1350 1062 1381 huius
1083 1349 1142 1381 loci
1165 1349 1374 1393 explicatione,
1397 1359 1489 1391 quam
1510 1358 1544 1378 ex

342 1403 425 1446 Allg.
448 1403 647 1445 Schullzeitg.
662 1428 671 1442 .,
696 1406 804 1441 1833,
837 1415 903 1445 pag.
928 1407 992 1435 330
1014 1403 1193 1434 summatim
1219 1402 1361 1445 repetivit
1383 1402 1416 1432 in
1450 1404 1544 1432 Lectt.

342 1459 434 1488 Perss.
459 1459 508 1496 11,
532 1459 574 1488 18
588 1481 597 1497 ,
621 1469 651 1487 n.
676 1459 739 1496 283
765 1456 815 1487 sed
838 1456 948 1488 merito
970 1469 1042 1488 eum
1072 1456 1227 1500 redarguit
1251 1455 1379 1488 Teuffel.
1414 1455 1447 1486 in
1470 1456 1544 1486 Ani-

343 1511 460 1543 madvv.
485 1523 552 1554 pag.
571 1514 644 1543 103.
660 1530 702 1535 —-
717 1519 778 1554 lpse
801 1522 869 1542 vero
892 1511 1031 1551 Teuffel„
1054 1512 1108 1555 qui
1121 1517 1260 1542 nostrum
1274 1511 1375 1541 locum
1387 1522 1452 1552 pag.
1467 1512 1543 1548 102,

342 1576 384 1608 sq.
408 1565 486 1595 bene
508 1566 659 1595 enarravit
673 1588 682 1604 ,
705 1565 736 1594 in
765 1565 899 1595 versione
923 1571 1027 1595 tamen
1051 1567 1087 1595 in
1110 1564 1190 1595 male
1212 1576 1283 1596 eum
1306 1566 1479 1594 Hermanno
1494 1562 1541 1593 in·-

340 1623 527 1662 terpretatus
550 1624 595 1649 est
618 1618 786 1649 adversus.
823 1621 856 1650 G.
881 1621 914 1650 E.
939 1619 1110 1660 Weberus,
1145 1618 1176 1650 h.
1209 1618 1230 1650 l.
1261 1617 1341 1650 male
1374 1617 1410 1649 de
1444 1617 1543 1649 Satira

338 1673 485 1716 cogitavit
509 1673 634 1716 ideoque
656 1673 824 1716 suspicatus
846 1680 891 1704 est
914 1680 1016 1716 poetae
1039 1674 1157 1704 incuria
1181 1673 1371 1705 mentionem
1400 1672 1543 1703 carminis

340 1727 417 1769 epici
440 1727 581 1757 omissam
604 1738 677 1765 esse,
699 1732 791 1769 atque
814 1727 858 1758 ita
881 1727 974 1758 etiam
999 1733 1138 1758 nostrum
1152 1738 1274 1757 versum
1290 1730 1471 1768 argumento
1482 1735 1542 1755 esse

340 1780 479 1811 Persium
502 1791 604 1811 revera
627 1780 688 1811 suis
710 1780 818 1811 Satiris
841 1792 902 1811 non
927 1780 1070 1812 ultimam
1093 1780 1264 1812 adhibuisse
1287 1790 1414 1811 manum
1428 1803 1437 1818 ‚
1472 1790 1539 1821 pag.

341 1836 405 1865 199
419 1857 428 1873 ‚
451 1845 494 1877 sq.

384 1895 412 1935 ²)
457 1892 500 1924 Cf.
525 1895 708 1925 Graecorum
731 1889 825 1937 χρή;
852 1894 894 1925 sic
918 1905 943 1924 v.
968 1905 992 1925 c.
1017 1893 1096 1937 apud
1130 1892 1220 1937 Soph.
1256 1891 1362 1935 Antig.
1388 1902 1429 1923 vs.
1454 1892 1538 1923 874:

339 1953 415 1992 εἴτε
444 1959 517 2001 χρῇ
549 1953 681 1992 θανεῖν.

384 2017 411 2059 3)
457 2020 527 2061 Pag.
553 2021 605 2049 91.

385 2073 413 2113 ⁴)
458 2073 528 2114 Pag.
555 2074 625 2102 102.
649 2072 690 2102 Iis
714 2071 836 2103 fortasse
859 2072 921 2102 iam
945 2072 1133 2115 praeiverant
1156 2071 1278 2103 Casaub.
1303 2077 1334 2103 et
1357 2072 1481 2115 Koenig.

383 2125 412 2168 ⁵)
458 2127 572 2157 Passov.
609 2137 675 2169 pag.
701 2128 789 2167 202,
814 2137 857 2169 sq.
881 2131 912 2157 et
935 2128 1022 2166 237,
1046 2137 1112 2170 sq.‚
1147 2125 1232 2157 Iahn.
1268 2138 1296 2169 p.
1322 2128 1363 2157 89
1387 2132 1418 2156 et
1439 2128 1537 2166 LXV,

336 2192 367 2211 n.
391 2182 441 2220 2.;
464 2180 501 2212 cf.
525 2181 620 2212 etiam
643 2180 741 2211 Teuff.
777 2192 843 2224 pag.
867 2183 927 2221 44,
963 2192 1006 2224 sq.
1030 2187 1061 2212 et
1084 2192 1161 2224 quae
1194 2181 1231 2212 de
1254 2192 1287 2212 ea
1306 2191 1338 2211 re
1371 2180 1537 2224 disputavit

335 2235 468 2277 Koenig.
493 2235 527 2266 in
550 2246 680 2278 prooem.
705 2235 742 2267 ad
765 2247 852 2267 suam
875 2236 947 2267 edit.
972 2248 1031 2280 pag
1068 2239 1120 2268 19.

380 2288 408 2331 ⁶)
455 2289 522 2320 Cod.
548 2289 713 2320 Hauuiensi
738 2290 790 2329 1⁰,
813 2290 894 2333 apud
918 2290 1004 2321 Iahn.
1028 2301 1063 2321 ex
1086 2290 1249 2321 collatione
1267 2289 1435 2321 Plumiana.
1483 2291 1534 2321 Se-

333 2343 471 2374 cundum
484 2343 587 2375 Varias
609 2346 703 2374 Lectt.
729 2343 762 2374 in
786 2344 858 2375 edit.
883 2344 987 2376 lleinr.
1012 2345 1044 2375 in
1068 2344 1130 2376 cod.
1157 2344 1246 2376 Goth.
1267 2350 1396 2377 exstaret
1410 2345 1534 2384 heroos,

333 2398 522 2430 contrarium
545 2410 614 2430 vero
636 2410 670 2430 ex
693 2398 781 2430 editt.
806 2401 920 2430 Passov.
943 2406 975 2431 et
999 2400 1083 2432 Iahn.
1107 2406 1201 2444 patet.

379 2454 407 2493 ⁷)
454 2455 510 2483 Pro
532 2453 628 2485 altero
652 2455 766 2485 heroos
790 2455 822 2485 in
847 2454 918 2486 edit.
944 2456 1046 2487 Ileinr.
1072 2467 1138 2499 pag.
1163 2458 1205 2487 93
1229 2455 1394 2499 legendum
1418 2460 1462 2486 est
1481 2455 1533 2486 he-

332 2519 432 2548 roas,
456 2513 493 2538 ut
516 2507 579 2538 iam
602 2508 847 2540 animadversum
883 2515 929 2540 est
962 2510 995 2540 in
1028 2511 1156 2554 corrigg.
1183 2516 1214 2541 et
1237 2521 1254 2540 a
1277 2508 1374 2540 Teuff.
1398 2509 1432 2541 in
1454 2508 1533 2541 cens.

333 2560 356 2592 l.
382 2573 410 2605 p.
438 2563 509 2594 784.
535 2581 578 2587 -—-
602 2563 694 2594 Recte
718 2562 803 2594 Iahn.
826 2564 860 2595 in
884 2564 1058 2606 Addendis‚
1081 2576 1149 2609 pag.
1168 2566 1251 2605 403,
1271 2563 1372 2596 locum
1388 2565 1534 2609 Propertii
