1857 3113
890 247 939 284 63

322 359 434 412 pretii
461 356 678 396 hominibus
703 354 773 393 sibi
801 353 967 394 tributae
997 354 1179 393 vilitatem
1208 355 1266 392 vix
1289 355 1424 393 sentiat
1440 367 1508 393 nec

323 440 486 486 respuat.
517 431 574 469 Ita
607 429 737 469 Cicero
766 430 898 469 Tusco.
931 431 1011 481 QQ.
1044 429 1120 476 ΙΙΙ,
1153 431 1224 475 22,
1253 428 1510 482 metaphorice

322 506 414 545 dixit
440 506 586 543 callum
615 507 846 543 vetustatis.
904 505 949 543 In
978 505 1089 543 simili
1119 504 1197 542 fere
1234 517 1274 541 re
1314 504 1411 542 Gell.
1454 503 1504 541 N.

321 582 367 619 A.
399 580 461 626 V,
499 580 516 616 1
549 579 799 632 deperditum
829 588 937 618 vocat
953 580 1167 624 hominem,
1198 578 1266 629 qui
1292 575 1509 630 philosophi

320 652 489 692 oratione
516 666 593 692 non
621 654 673 692 ita
701 655 868 707 tangitur
896 661 937 692 ut
965 653 1150 692 abstineat
1177 652 1225 690 ab
1244 650 1370 688 obvias
1394 663 1506 702 quas-

318 741 394 780 que
409 729 653 781 vulgatasque
670 729 798 766 laudes
820 728 1040 767 effutiendo.
1061 727 1331 765 Recentiorum
1349 726 1508 764 eandem

319 802 512 854 amplexus
531 810 586 840 est
604 802 953 855 interpretationem
971 801 1069 838 solus
1081 830 1091 847 ,
1112 802 1213 852 quod
1232 802 1346 839 sciam
1358 831 1369 848 ‚
1390 800 1508 838 Hein-

319 875 457 914 richius
489 880 544 929 Ι),
576 875 642 928 qui
669 875 716 912 ad
744 889 827 913 eam
857 875 1037 913 tuendam
1073 875 1179 913 affert
1222 876 1326 928 Virg
1371 875 1505 927 Georg.

318 950 375 988 ΙΙΙ
388 980 398 996 ,
430 953 520 989 501:
555 965 580 988 »
595 958 673 988 aret
701 951 811 1002 pellis
830 958 867 989 et
885 950 932 988 ad
948 958 1091 988 tactum
1111 953 1287 990 tractanti
1306 952 1399 990 dura
1418 951 1509 989 resi-

318 1023 432 1071 stit;''
465 1022 529 1061 sed
554 1037 675 1075 quum
694 1038 738 1062 eo
767 1024 849 1062 loco
877 1023 923 1063 de
951 1037 1050 1076 equo
1069 1029 1190 1063 sermo
1210 1025 1276 1071 sit,
1308 1023 1420 1063 verba
1438 1023 1507 1062 ista

318 1099 438 1152 accipi
464 1105 619 1151 possunt
651 1097 697 1135 de
723 1098 807 1149 pilis
835 1099 973 1149 quibus
1000 1099 1110 1151 pellis
1139 1100 1359 1137 animalium
1386 1098 1507 1136 obsita

317 1180 372 1210 est
391 1202 401 1219 ,
433 1173 499 1225 qui
527 1173 617 1210 alias
644 1171 838 1210 horrentes
857 1202 867 1218 ,
907 1171 1078 1218 horridi,
1121 1172 1233 1225 rigidi
1259 1172 1294 1223 2)
1328 1171 1509 1210 dicuntur

316 1253 353 1284 et
392 1247 532 1298 pellem
575 1247 693 1299 ipsam
735 1246 870 1283 duram
909 1246 1074 1292 faciunt,
1121 1254 1164 1284 ut
1207 1254 1261 1285 est
1295 1245 1395 1298 apud
1430 1245 1507 1283 Ho-

315 1319 455 1358 ratium
488 1320 613 1373 Epod.
645 1319 774 1365 XVII,
812 1322 883 1365 15,
915 1327 1074 1358 »setosa
1103 1319 1205 1357 duris
1234 1333 1368 1359 exuere
1395 1318 1506 1372 pelli-

315 1393 386 1432 bus
419 1416 474 1423 --
504 1393 713 1432 membra''
754 1393 802 1432 de
844 1393 986 1445 Ulyssis
1027 1394 1255 1440 comitibus;
1299 1393 1347 1432 cf.
1393 1392 1503 1432 Ovid.

317 1466 363 1506 A.
395 1467 442 1506 A.
473 1467 552 1514 ΙΙΙ,
585 1469 675 1507 194.

368 1544 434 1580 20.
493 1542 562 1580 En
581 1543 725 1596 pallor
758 1542 1000 1595 seniumque]
1062 1541 1193 1580 Invitis
1227 1541 1401 1580 omnibus
1441 1554 1504 1580 co-

315 1617 459 1656 dicibus
477 1648 487 1665 ,
517 1632 586 1671 pro
619 1631 667 1655 en
700 1617 939 1656 Heinrichius
976 1618 1010 1668 3)
1048 1617 1139 1669 legit
1175 1618 1290 1663 hinc‚·
1321 1616 1386 1654 sed
1420 1615 1504 1654 vul-

314 1699 399 1745 gata
436 1706 513 1730 non
554 1690 800 1730 sollicitanda.
859 1691 967 1731 Idem
1007 1705 1120 1745 porro
1162 1704 1249 1730 cum
1296 1691 1507 1730 Duentzero

315 1766 427 1804 verba
461 1766 553 1804 haec
589 1780 677 1804 cum
719 1766 868 1804 duobus
905 1766 1094 1820 prioribus
1136 1766 1302 1804 versibus
1346 1766 1505 1803 coniun-

314 1839 368 1892 git
410 1847 447 1878 et
496 1839 702 1879 adversario
746 1840 905 1886 tribuit,
949 1839 1051 1892 quod
1098 1840 1173 1877 iam
1214 1839 1418 1891 Koenigius
1466 1839 1503 1891 4)

315 1921 503 1959 suaserat;
551 1927 678 1951 omnes
707 1926 794 1950 vero
822 1913 959 1964 reliqui
997 1914 1220 1965 interpretes
1259 1914 1396 1951 rectius
1434 1915 1505 1966 ipsi

313 1994 447 2040 poetae
491 1986 596 2026 dant.
671 1988 726 2026 Ex.
770 1986 883 2026 huius
929 1987 1031 2025 enim
1077 2000 1140 2025 ore
1191 1987 1337 2026 satirica
1385 1987 1506 2026 ironia

314 2075 429 2114 quam
470 2062 631 2101 maxime
672 2062 749 2101 loci
788 2062 981 2101 festivitati
1021 2061 1187 2101 inservit.
1255 2061 1318 2101 Sic
1357 2061 1444 2102 inde
1486 2076 1507 2099 a

359 2261 386 2301 ¹)
430 2262 500 2302 Pag.
525 2262 584 2300 82,
607 2271 651 2303 sq.

357 2315 385 2355 ²)
430 2316 545 2345 Horum
568 2313 783 2346 vocabulorum
812 2312 967 2356 exempla,
990 2312 1101 2356 passim
1123 2311 1210 2344 obvia
1238 2311 1319 2355 apud
1340 2311 1503 2355 Ovidium,

312 2367 393 2399 vidd.
415 2368 449 2399 in
472 2367 582 2399 Iudico.
606 2367 768 2405 verborum
790 2368 824 2399 in
847 2368 934 2400 editt.
959 2367 1071 2410 Gierig.
1095 2368 1249 2398 Metamm.
1273 2373 1304 2399 et
1326 2369 1421 2400 Fastt.

357 2424 385 2465 ³)
430 2422 497 2455 Vid.
520 2434 587 2466 pag.
611 2424 662 2453 83.

357 2478 385 2518 ⁴)
430 2479 467 2508 In
490 2479 659 2509 Commeat.
688 2488 756 2521 pag.
780 2479 832 2509 18.
877 2479 915 2509 In
946 2483 1069 2510 textum
1090 2482 1195 2510 tamen
1218 2489 1285 2510 eam
1315 2477 1503 2510 distributio-

261 2535 263 2537 ’
312 2541 385 2562 nem
406 2541 468 2562 non
490 2533 613 2577 recepit.
