1857 3113
814 269 862 306 79

242 376 355 416 Recte
385 384 510 415 autem
554 376 707 414 Iahnius
750 383 786 414 et
826 375 1059 414 Duentzerus
1088 376 1131 412 z‘n
1173 375 1432 421 retinuerunt,

240 454 342 504 quod
370 453 483 491 etiam
525 452 763 490 Hermannus
805 451 839 501 Ι)
881 451 1183 498 commendavit,
1216 450 1435 489 scholiastae

238 528 456 580 praesertim
485 535 522 565 et
550 527 727 565 Prisciani
753 540 839 564 usus
868 529 1100 566 auctoritate.
1161 527 1281 564 Huius
1307 534 1434 565 autem

239 609 276 639 et
322 600 510 652 sequentis
554 614 679 638 versus
722 601 943 639 sententiam
985 602 1125 654 optime
1171 602 1436 652 interpretatus

239 682 293 712 est
327 674 558 712 Duentzerus
588 676 649 727 2),
683 678 776 727 qui,
819 675 999 728 optimam
1030 683 1177 713 secutus
1206 677 1406 714 lectionem
1424 705 1433 721 ‚

239 763 315 787 non
346 757 493 787 tantum
522 762 609 786 cum
638 748 855 787 Heinrichio
905 750 965 800 (de
995 750 1100 786 cuius
1127 751 1348 801 ceteroquin
1379 750 1437 786 in-

239 823 508 875 terpretatione
553 836 630 860 non
673 823 834 874 constat)
878 830 915 860 et
943 822 1076 860 Iahnio
1115 825 1158 861 in
1200 837 1270 876 pro
1312 823 1361 860 de
1402 824 1436 873 3)

240 899 403 951 accipit,
435 898 498 936 sed
528 899 641 936 etiam
670 912 768 952 opus
808 905 909 935 recte
938 897 1097 950 explicat
1129 897 1180 948 4),
1242 897 1308 935 Est
1336 898 1437 936 enim

241 979 366 1010 nostro
394 972 477 1009 loco
520 972 675 1010 verbum
717 972 995 1025 impersonale,
1027 985 1101 1009 non
1143 970 1434 1009 substantivum.

242 1043 474 1096 Significatio
504 1053 629 1084 autem
646 1075 656 1092 ,
688 1059 784 1098 quae
811 1045 910 1083 idem
946 1045 1023 1082 fere
1057 1045 1156 1083 valet
1187 1058 1230 1082 ac
1257 1058 1434 1089 necesse,

244 1203 319 1230 runt:
342 1197 455 1237 Bond.;
480 1197 641 1237 Achaint.;
664 1197 775 1236 Orell.;
799 1200 831 1228 E.
856 1200 890 1228 G.
904 1197 1043 1237 Weber.‚
1069 1209 1135 1240 pag.
1161 1200 1214 1237 313
1238 1198 1348 1229 Ritter.
1373 1197 1396 1228 l.
1416 1198 1438 1228 l.

240 1264 307 1295 pag.
331 1255 374 1283 54
398 1258 429 1282 et
452 1252 553 1293 Pinzg.
578 1252 611 1282 in
635 1264 713 1283 cens.
737 1252 809 1283 edit.
834 1252 933 1282 Plum.
958 1264 1048 1295 supra
1072 1252 1093 1282 l.
1118 1263 1184 1294 pag.
1210 1254 1292 1291 2973
1317 1251 1370 1283 ubi
1393 1258 1437 1283 ta·

239 1317 311 1336 men
334 1305 414 1335 male
438 1316 491 1347 pro
514 1305 642 1336 secundo
666 1308 701 1336 in
732 1306 859 1336 coniecit
895 1318 973 1346 seu,
1005 1306 1178 1349 improbans
1208 1305 1439 1348 explicationem

240 1359 348 1391 Orellii
362 1365 393 1389 ct
405 1358 517 1389 Plumii
541 1359 708 1401 particulae
732 1361 799 1390 sive
822 1371 875 1402 pro
898 1360 951 1390 vel
972 1362 1010 1391 εἰ.
1035 1361 1075 1390 In
1099 1371 1168 1391 vero
1192 1360 1284 1390 tacite
1301 1359 1440 1402 probavit

240 1414 410 1446 Bourdelot.
434 1414 470 1445 ad
494 1416 610 1445 Petron.
635 1425 659 1444 c.
684 1415 731 1453 V,
755 1425 821 1457 pag.
846 1417 887 1446 25
913 1417 1016 1446 Burm.
1041 1416 1106 1457 lpse
1122 1413 1438 1445 Bourdel.consilium

240 1475 407 1512 susceperat
430 1467 566 1499 Persium
589 1468 720 1508 edendi,
745 1474 782 1499 ut
804 1474 954 1500 memorat
976 1470 1089 1500 Passov.
1113 1479 1180 1512 pag.
1213 1471 1274 1500 151
1290 1492 1299 1508 ‚
1330 1479 1373 1512 sq.
1404 1479 1437 1499 n.

242 1526 304 1563 77,
328 1536 363 1555 ex
385 1524 464 1554 alius
486 1534 573 1565 opere
597 1522 728 1552 edoctus.

285 1578 312 1619 1)
358 1580 389 1608 L.
413 1576 435 1608 l.
459 1579 501 1616 ΙΙ,
525 1578 578 1615 17,
602 1587 644 1619 sq.
669 1575 722 1606 ubi
744 1581 848 1607 tamen
871 1586 933 1606 non
955 1576 1037 1606 tanti
1060 1586 1138 1616 esse,
1163 1582 1271 1607 utrum
1294 1578 1332 1606 in
1355 1587 1394 1606 an
1407 1583 1441 1607 et

240 1631 386 1674 legamus,
408 1642 476 1662 vere
499 1630 674 1661 arbitratur.
699 1632 810 1661 Locum
834 1630 977 1661 Prisciani
1002 1632 1137 1671 (XVIII,
1161 1633 1222 1670 23,
1246 1643 1311 1673 pag.
1325 1633 1438 1672 1173.)

240 1686 302 1718 iam
324 1685 472 1717 attulerat
496 1685 648 1716 Passovius
672 1684 724 1726 (cf.
748 1697 814 1728 pag.
839 1688 902 1716 285
917 1709 927 1725 ,
951 1687 1048 1728 sqq),
1082 1685 1136 1728 qui
1172 1691 1274 1716 tamen
1310 1685 1440 1717 lectione

241 1742 278 1771 in
300 1751 371 1771 usus
393 1746 460 1780 cst,
491 1746 527 1771 ut
550 1739 620 1770 inde
642 1747 861 1782 argumentum
892 1747 1008 1783 peteret
1031 1753 1092 1784 quo
1115 1752 1200 1772 suam
1235 1740 1440 1771 coniecturam

241 1805 286 1823 an
307 1792 451 1833 fulciret⁷
486 1794 565 1836 quod
590 1793 770 1824 vocabulum
793 1794 831 1824 ob
867 1795 1042 1836 praecedens
1078 1798 1145 1825 slve
1182 1796 1438 1836 grammaticam,

241 1859 317 1891 quae
340 1847 473 1887 dicitur,
498 1847 660 1879 verborum
683 1853 869 1879 structuram
892 1847 1033 1888 flagitare
1055 1847 1139 1878 dicit.
1175 1847 1232 1877 Sed
1254 1853 1335 1877 rccte
1358 1846 1439 1878 hanc

240 1902 406 1944 particulae
430 1904 497 1931 sive
522 1913 611 1932 usum
634 1902 832 1932 illustrarunt
855 1904 946 1932 EAG.
971 1901 1081 1941 weh,
1107 1902 1209 1932 Heinr.
1233 1908 1264 1932 et
1287 1901 1373 1932 lahn.
1399 1901 1439 1934 ad.

242 1968 272 1987 n.
297 1956 318 1987 l.
343 1958 386 1987 De
408 1957 471 1987 eius
495 1966 552 1986 usu
574 1966 662 1998 porro
685 1954 813 1986 conferri
837 1961 961 1998 possunt
984 1955 1074 1985 Periz.
1088 1955 1125 1986 ad
1140 1955 1269 1998 Scioppii
1291 1955 1381 1986 verba
1403 1956 1438 1987 in

241 2012 342 2041 Sanct.
366 2010 487 2040 Minerv.
512 2011 569 2049 lv,
596 2011 625 2048 ’7,
650 2011 691 2039 12
714 2015 746 2040 et
768 2010 906 2040 Oudend.
929 2010 966 2041 ad
977 2009 1079 2040 locum
1094 2012 1201 2053 (quem
1216 2008 1306 2040 affert
1319 2009 1438 2050 Heinr.)

241 2065 320 2095 caes.
349 2064 386 2094 de
410 2064 485 2096 Bell.
509 2064 571 2094 Civ.
596 2065 661 2104 ΙΙΙ,
684 2065 736 2095 25.
761 2083 802 2087 —
827 2066 875 2095 Vs.
901 2067 941 2096 65
966 2066 1068 2095 Herm.
1094 2065 1132 2105 (l.
1157 2064 1178 2094 l.
1204 2066 1260 2103 ΙΙΙ,
1285 2065 1331 2105 6.)
1355 2063 1439 2095 dedit

241 2129 276 2149 ex
288 2118 350 2149 cod.
369 2120 455 2149 Trcv.
480 2119 543 2160 (D.)
567 2119 633 2148 scis
640 2132 653 2156 ;
674 2118 754 2161 apud
776 2118 880 2150 Heinr.
904 2124 1009 2150 contra
1023 2129 1127 2150 omnes
1149 2117 1232 2149 codd.
1257 2119 1362 2149 Trevv.
1386 2117 1438 2150 ha-

242 2171 317 2204 bent
341 2174 411 2203 scit.

287 2228 314 2268 2)
360 2229 390 2257 P.
415 2229 479 2258 21:
1298 2228 1438 2268 (Grosscn

331 2292 349 2310 >2
363 2280 443 2310 Will
466 2292 499 2311 er
520 2293 587 2313 nun
609 2281 700 2324 grado
722 2294 780 2313 von
801 2281 926 2321 Pracht‚
959 2292 1018 2311 von
1037 2281 1138 2312 Sitten
1161 2282 1225 2312 und
1245 2281 1365 2312 Mahlen
1386 2281 1439 2312 der

329 2334 462 2377 Singen,
481 2335 651 2368 crhahcnen
673 2336 756 2368 Stoff
774 2336 853 2368 leiht
877 2346 1017 2367 unserem
1039 2335 1164 2366 Dichter
1187 2335 1235 2366 die
1259 2337 1371 2366 Muse.'⁷

289 2389 316 2432 ³)
361 2389 463 2421 Simili
486 2390 572 2421 modo
596 2402 630 2422 ea
652 2392 868 2434 praepositione
891 2402 963 2422 usus
985 2397 1030 2421 est
1053 2391 1112 2422 Cic.
1139 2390 1176 2422 de
1199 2390 1260 2421 Off.
1284 2392 1309 2430 1,
1333 2393 1364 2421 9.
1389 2389 1439 2432 (cf.

243 2448 316 2479 Ern.
340 2447 372 2479 in
396 2445 492 2490 clave)
515 2452 546 2479 et
558 2448 715 2491 Augustus
737 2447 772 2479 in
795 2447 891 2492 Epist.
914 2446 951 2480 ad
970 2445 1069 2478 Tiber.
1084 2470 1094 2488 ‚
1116 2446 1199 2491 apud
1220 2447 1304 2479 Suet.
1328 2446 1361 2477 in
1384 2445 1439 2477 vit.

244 2502 312 2534 Tib.
335 2514 361 2534 c.
384 2505 465 2535 XXI.

289 2558 316 2598 l⁵)
361 2560 408 2589 Ita
431 2559 524 2591 etiam
547 2560 683 2603 Pinzger.
706 2559 728 2590 l.
751 2559 773 2590 l.
