1857 3113
832 256 882 292 95

259 372 449 418 ponantur
467 393 476 410 ‚
517 361 622 400 nulla
652 369 730 400 erat
759 374 886 400 caussa
916 374 983 399 cur
1016 361 1160 400 Persius
1201 375 1269 415 pro
1314 360 1453 399 Asello

257 440 420 476 Asellos
448 443 620 490 poneret.
657 436 778 474 Huius
803 437 902 475 enim
922 450 1044 474 mores
1065 445 1102 475 et
1122 451 1258 475 nomen
1278 451 1355 475 non
1375 444 1453 475 tam

259 514 400 552 fam-osa
429 513 533 551 suere
563 526 606 549 ex
635 511 802 559 Lucilio,
832 526 921 565 prae
950 512 1057 565 Lupo
1086 520 1122 550 et
1142 511 1290 558 Mucio,
1322 519 1450 557 uteo,

259 595 442 636 tanquam
463 585 603 623 thetico
628 586 780 640 nomine
798 615 807 631 ,
837 585 937 638 plur.
971 594 1139 623 uteretur
1158 588 1317 624 Persius.
1339 587 1452 624 Prae-

258 668 359 699 terea
388 659 537 712 vulgata
566 659 678 696 lectio
707 659 804 697 bene
834 674 871 698 se
900 660 1040 698 habet:
1074 668 1128 698 est
1157 661 1328 712 enallage
1367 673 1454 711 per-

263 749 376 773 sonae
406 734 650 786 scriptoribus
679 734 820 772 Latinis
853 749 930 772 non
972 750 1123 787 prorsus
1167 737 1339 780 insueta3
1391 735 1452 771 cff.

258 810 405 847 Passov.
428 808 472 846 ad
489 807 527 846 h.
548 808 630 862 l.p.
664 810 740 846 348
770 816 807 847 et
835 808 966 848 Herm.
999 810 1122 847 Lectt.
1155 810 1272 848 Perss.
1303 808 1355 854 II,
1391 811 1454 854 19,

258 898 313 936 sq.
345 898 383 922 n.
417 886 480 921 30.
510 906 564 911 —-
592 883 725 934 Neque
753 884 911 921 alteram
936 885 1098 937 probare
1116 898 1266 937 possum
1286 883 1455 921 eiusdem

259 958 395 997 Estreii
428 960 459 1008 Ι)
491 958 702 996 Persianam
732 958 1079 1011 interpretationem
1118 960 1156 996 in
1198 973 1346 998 versum
1383 972 1455 996 no-

260 1041 356 1071 strae
386 1032 464 1071 Sat.
499 1035 574 1070 124
592 1063 601 1079 ,
633 1033 698 1070 ubi
724 1033 835 1072 verba
855 1035 1120 1087 praegrandi
1147 1048 1232 1072 cum
1263 1047 1354 1071 sene
1378 1046 1455 1070 non

259 1120 345 1144 cum
389 1107 562 1146 omnibus
610 1107 689 1145 fere
731 1109 1002 1160 interpretibus
1050 1108 1228 1160 intelligit
1274 1107 1319 1145 de
1369 1107 1455 1144 Ari-

259 1181 459 1233 stophane,
489 1181 551 1218 sed
580 1181 627 1218 de
644 1182 724 1234 ipso
741 1181 895 1220 Cratino
925 1183 963 1219 in
989 1195 1096 1219 versu
1124 1181 1364 1233 praecedenti
1382 1182 1456 1218 iam

258 1257 465 1293 nominato.
498 1255 576 1293 Iam
608 1264 717 1295 antea
747 1258 939 1295 Passovius
971 1258 1005 1309 2)
1037 1257 1194 1295 dubium
1216 1262 1386 1294 moverat
1411 1254 1457 1292 de

258 1330 410 1381 vulgata
440 1330 751 1382 interpretatione
770 1339 807 1369 et
830 1332 1059 1384 cogitaverat
1087 1331 1132 1368 de
1152 1330 1318 1375 Lucilio,
1340 1342 1457 1380 quam

259 1405 474 1457 opinionem
516 1404 708 1457 amplexus
743 1414 797 1443 est
844 1404 1085 1443 Heinrichius
1116 1403 1167 1455 3).
1213 1402 1288 1441 Sed
1319 1402 1455 1441 merito

259 1494 345 1518 eum
375 1479 551 1517 refutavit
579 1479 732 1519 Iahnius
749 1481 800 1533 4).
835 1480 960 1530 Quum
979 1492 1067 1518 vero
1082 1479 1253 1532 vulgatae
1268 1480 1455 1531 interpre-

259 1556 392 1593 tationi
419 1555 513 1592 nihil
543 1554 687 1601 obstet,
718 1569 791 1593 non
823 1570 917 1609 opus
946 1564 1000 1594 est
1029 1564 1071 1593 ut
1113 1555 1249 1592 Estreii
1291 1553 1455 1605 explica-

259 1629 402 1666 tionem
430 1643 647 1679 sequamur‚
678 1638 793 1681 atque
823 1632 874 1669 ita
904 1632 1029 1669 Persio
1048 1630 1294 1682 tautologiam
1323 1628 1456 1666 obtru—

261 1701 404 1739 damus.
439 1700 571 1740 Senex
599 1705 722 1750 enim,
754 1713 795 1743 ut
827 1719 847 1742 a
874 1704 1045 1758 pluribus
1075 1703 1379 1741 animadversum
1402 1709 1457 1739 est

261 1778 346 1815 viris
365 1778 483 1815 doctis
502 1779 553 1828 5),
576 1778 782 1818 honorifice
804 1781 943 1818 dicitur
958 1780 1003 1816 de
1019 1778 1237 1816 hominibus
1254 1776 1457 1828 praeclaris

259 1852 331 1889 iam
354 1851 496 1890 dudum
517 1853 589 1891 vita
610 1853 818 1900 defunctis,
840 1853 967 1905 quod,
998 1859 1040 1890 ut
1060 1858 1189 1889 contra
1213 1850 1401 1887 Estreium
1417 1847 1453 1897 ⁶)

258 1926 498 1972 contend..m,
534 1927 647 1964 etiam
677 1928 723 1965 de
751 1928 897 1965 Lucilio
922 1927 1091 1979 usurpari
1109 1925 1275 1978 potuisse
1305 1923 1353 1961 ab
1374 1923 1455 1961 Ho-

259 2000 353 2037 ratio
371 2030 381 2046 ,
414 2002 520 2038 culus
549 2000 701 2052 quidem
732 2009 993 2056 praeceptores
1023 2000 1213 2039 Lucilium
1244 1999 1371 2037 vivum
1399 1998 1456 2035 vi-

307 2172 333 2211 1)
379 2172 411 2201 L.
435 2169 457 2201 l.
481 2181 547 2213 pag.
573 2170 632 2209 72,
655 2180 698 2213 sq.

307 2226 334 2266 ²)
379 2226 447 2268 Pag.
473 2228 534 2257 354
549 2249 558 2265 7
583 2236 646 2269 sqq.

305 2279 333 2320 ³)
378 2281 450 2321 pag.
475 2282 557 2318 114,
582 2291 625 2322 sq.

306 2333 333 2374 ἰ)
379 2334 448 2376 Pag.
474 2335 546 2364 114.
571 2332 626 2364 Cff.
650 2333 715 2364 eius
737 2333 899 2375 Addenda,
922 2345 989 2378 pag.
1014 2337 1088 2366 404.

303 2389 336 2429 ⁵)
382 2391 467 2420 Inter
488 2388 562 2420 alios
584 2390 614 2419 C.
639 2390 671 2419 F.
695 2390 888 2421 Her-mannus
910 2390 944 2421 in
966 2390 1082 2434 Disput.
1106 2389 1143 2422 de
1165 2390 1282 2423 Satirae
1304 2392 1456 2423 Romanae

263 2447 385 2474 auctore
407 2442 517 2483 Marb.‚
542 2445 646 2483 1841,
670 2455 737 2486 pag.
762 2446 825 2486 29,
848 2451 920 2477 nota
945 2447 984 2477 '79
1002 2451 1033 2476 et
1056 2447 1089 2477 F.
1113 2447 1150 2476 D:
1172 2446 1329 2478 Gerlach.:
1354 2448 1385 2477 C.
1397 2449 1457 2477 Lu-

260 2495 353 2527 cilius
375 2496 438 2528 und
461 2497 509 2529 die
532 2498 680 2530 romische
701 2500 829 2541 Satura,
853 2499 943 2532 Basil.
968 2501 1075 2541 1844,
1098 2512 1165 2544 pag.
1190 2504 1232 2533 13
1246 2526 1256 2541 ‚
1279 2506 1352 2532 uota
1374 2502 1403 2531 2.

305 2549 333 2591 θ)
379 2552 409 2581 L.
434 2551 456 2583 l.
481 2564 548 2597 pag.
577 2555 640 2594 75,
666 2564 733 2597 sqq.
