1857 3113
918 278 965 315 58

341 383 415 422 sius
443 384 523 437 ipse
551 382 604 420 ibi
637 396 715 422 non
745 383 890 436 scripsit
917 385 1010 435 quis
1048 397 1127 422 non
1144 414 1154 431 ,
1184 383 1247 423 sed
1277 382 1400 423 Mida
1428 398 1527 433 rex,

341 474 438 511 quae
467 459 580 498 verba
609 470 698 496 cum
726 465 854 496 nostro
882 457 968 497 loco
996 472 1073 496 non
1103 458 1318 499 cohaerent.
1366 460 1532 499 Praestat

336 533 453 584 igitur
463 532 623 569 Passovii
639 531 671 583 1)
691 531 799 582 sequi
817 532 1032 583 opinionem
1042 562 1052 579 ,
1068 546 1185 584 quam
1200 535 1314 571 etiam
1329 534 1482 572 Iahnius
1495 535 1529 584 2)

337 607 530 659 amplexus
571 613 651 652 est,
693 605 877 643 censentis
921 606 1035 644 totius
1075 604 1221 645 Satirae
1265 615 1532 661 argumentum

335 680 546 732 significare
584 679 675 732 quid
718 687 830 732 poeta
876 680 1097 728 reticuerit;
1149 689 1213 719 aut
1253 689 1340 720 cum
1384 682 1531 720 Teuffe-

334 755 387 793 lio
416 755 452 807 3)
487 763 677 801 statuere,
711 755 816 806 quod
845 763 971 794 nostro
1000 756 1085 794 loco
1116 770 1153 795 se
1187 757 1344 796 reticere
1380 756 1531 795 simulat

334 836 448 881 poeta
466 859 476 875 ,
525 830 563 868 id
613 831 738 883 ipsum
780 831 905 868 statim
952 830 998 868 ab
1044 845 1087 869 eo
1127 832 1316 870 enuntiari
1364 830 1531 869 versibus

334 916 440 954 seqq.
478 905 501 940 9
546 911 584 940 et
627 906 705 949 10;
753 904 892 955 quibus
938 918 1006 955 ego
1048 919 1099 943 vs.
1151 907 1195 942 11
1241 904 1530 956 adiungendum

330 975 511 1029 putarim.
570 975 672 1014 Male
701 976 801 1014 enim
833 975 1022 1015 Teufelius
1051 978 1086 1029 4)
1125 991 1177 1016 vs.
1213 978 1282 1023 11,
1312 990 1429 1029 quum
1460 989 1529 1013 sa-

320 1052 462 1102 pimus
481 1055 662 1102 patruos
681 1081 690 1096 ‚
737 1051 1008 1103 interpretatur
1040 1051 1086 1090 de
1116 1052 1254 1089 satirici
1279 1059 1415 1104 poetae
1443 1051 1527 1089 offi-

329 1125 398 1163 cio.
445 1124 626 1163 Versatur
654 1132 782 1162 autem
812 1124 958 1161 Persius
984 1124 1023 1161 in
1055 1123 1324 1163 adumbrandis
1350 1126 1528 1177 temporis

329 1198 387 1236 sui
413 1198 596 1237 moribus.
655 1199 839 1243 Iuvenes,
880 1198 993 1236 modo
1034 1205 1144 1236 exuta
1179 1205 1265 1251 toga
1305 1205 1525 1252 praetexta,

327 1280 554 1326 patruorum
579 1273 654 1310 iam
683 1271 911 1310 affectabant
939 1271 1178 1309 severiattem
1207 1280 1244 1310 et
1272 1273 1453 1325 rigorem,
1484 1279 1527 1310 ut

326 1347 468 1400 probos
497 1359 535 1383 se
563 1360 640 1385 esse
670 1361 842 1385 censores
877 1345 1118 1390 simularent,
1149 1345 1213 1383 sed
1243 1346 1335 1384 dum
1366 1344 1526 1385 Catones

326 1420 540 1472 loquuntur
557 1449 567 1467 ‚
599 1420 853 1458 Bacchanalia
884 1420 1028 1457 vivunt.
1061 1419 1111 1456 Et
1138 1426 1420 1471 peropportune
1439 1419 1526 1470 qui-

326 1495 412 1534 dem
455 1502 569 1548 poeta
610 1494 650 1533 h.
696 1495 723 1533 l.
764 1493 877 1531 huius
919 1493 974 1530 rei
1020 1494 1257 1531 mentionem
1297 1493 1414 1539 facit,
1460 1493 1526 1531 uhi

325 1570 487 1609 ostendit
523 1583 610 1609 vera
639 1566 760 1605 studia
789 1567 982 1604 contemni
1010 1575 1048 1605 et
1078 1580 1207 1605 omnes
1231 1579 1348 1619 prava
1380 1567 1523 1606 iactan-

326 1644 378 1681 tia
406 1652 457 1682 et‘
484 1644 589 1681 inani
631 1642 771 1694 gloriae
811 1649 848 1679 et
888 1641 1025 1680 favoris
1060 1640 1238 1693 captandi
1265 1641 1387 1679 studio
1417 1641 1518 1680 duci.

327 1716 508 1755 Ceterum
537 1716 773 1754 Duentzerus
803 1715 838 1765 5)
860 1744 870 1759 ,
901 1716 967 1764 qui
994 1720 1056 1752 est
1085 1715 1209 1751 omisit
1238 1713 1302 1764 ⁶),
1332 1716 1446 1754 verba
1474 1730 1524 1754 ac

326 1792 365 1828 si
380 1791 463 1842 fas
491 1789 627 1828 dicere
645 1788 1031 1834 adversarioffribuit,
1062 1787 1164 1839 quod
1183 1794 1284 1826 recte
1312 1788 1395 1826 fieri
1415 1802 1523 1842 posse

325 1864 467 1902 dixerat
505 1865 582 1903 iam
621 1865 814 1903 Passovius
853 1864 903 1913 7).
958 1863 1071 1900 Haud
1106 1863 1223 1915 magis
1253 1870 1354 1903 recte
1386 1878 1436 1903 vs.
1473 1865 1517 1901 ll

367 2022 396 2062 ¹)
439 2023 509 2062 Pag.
533 2022 622 2059 250,
645 2031 690 2062 sq.

368 2074 397 2117 ²)
442 2073 490 2105 Ad
512 2084 544 2103 n.
568 2072 590 2103 l.
614 2083 681 2116 pag.
705 2073 756 2104 80.
779 2077 811 2104 et
833 2072 925 2115 impr.
949 2071 987 2103 ad
1009 2083 1037 2102 v.
1062 2073 1146 2112 121,
1168 2083 1235 2115 pag.
1259 2075 1333 2104 113.

369 2127 399 2171 8)
444 2130 514 2170 Pag.
540 2130 592 2159 94.

366 2183 395 2224 Α)
441 2183 511 2225 Pag.
536 2183 580 2213 94
602 2183 637 2215 in
658 2182 724 2215 fine
745 2189 776 2215 et
798 2183 890 2226 impr.
914 2183 978 2223 95,
1001 2191 1070 2224 sq.;
1092 2179 1130 2212 cf.
1153 2179 1247 2212 etiam
1270 2179 1303 2211 in
1327 2180 1469 2212 versione.

365 2237 396 2278 ³)
441 2238 529 2268 Patet
550 2236 607 2268 hoc
629 2249 663 2269 ex
686 2238 751 2270 eius
773 2238 917 2270 versione.

364 2289 393 2335 ⁸)
438 2291 506 2322 Est
515 2291 613 2322 etiam
632 2293 784 2324 omittunt
805 2291 950 2331 Famab.‚
962 2289 1076 2330 Bond.‚
1098 2289 1245 2331 Koenig.,
1260 2288 1370 2330 Orell„
1393 2289 1516 2330 Heinr.‚

319 2347 422 2377 Herm.
445 2351 477 2377 et
499 2345 624 2378 Preller.
652 2345 791 2379 Eandem
811 2345 976 2378 lectionem
1009 2343 1105 2376 etiam
1126 2342 1380 2376 commendarunt
1401 2342 1516 2377 stiebe-

318 2411 372 2432 rus
385 2423 395 2440 ,
418 2399 453 2431 in
474 2400 674 2433 ooniectaneis
694 2401 729 2432 in
752 2399 904 2433 nonnulla
926 2399 1037 2441 Ovid„
1060 2398 1121 2431 Iul.
1145 2398 1252 2444 Obseq.
1276 2404 1307 2431 et
1328 2398 1422 2430 Persii
1433 2397 1517 2437 loca,

318 2453 385 2486 Erl.
412 2454 496 2485 1786
509 2477 520 2493 ,
542 2455 628 2486 cuius
650 2454 740 2486 verba
761 2454 851 2487 affert
872 2456 986 2486 Passov.
1009 2465 1076 2498 pag.
1100 2455 1166 2494 1X3
1188 2459 1221 2487 et
1234 2453 1375 2486 Ritterus
1391 2451 1426 2483 iu
1450 2451 1516 2483 Dis-

316 2514 385 2553 put.
408 2507 432 2540 1.
455 2519 524 2552 pag.
550 2509 604 2549 ¹77,
626 2507 695 2540 coll.
718 2519 749 2541 n.
774 2511 815 2541 38
837 2514 869 2541 et
890 2508 964 2541 locis
985 2507 1074 2541 modo
1096 2506 1131 2538 11.

362 2562 391 2607 ⁷)
436 2564 507 2607 Pag.
530 2564 604 2597 251.
