1857 3113
912 295 961 332 44

335 407 400 432 esse
420 408 497 433 vera
519 402 594 440 ipsa
612 401 764 439 poemata
785 402 853 439 ipse
874 401 943 432 luto
970 401 1076 438 facere
1105 401 1141 431 L.
1166 414 1202 422 —
1225 399 1376 430 retineret
1399 407 1431 430 ee
1451 400 1532 431 reci-

336 463 460 493 tantem
492 463 633 492 clamore
652 463 735 498 quin
757 463 819 492 illa
840 469 904 492 esse
927 469 1003 492 vera
1028 462 1153 499 poetica
1184 461 1302 492 diceret
1321 462 1357 492 V.
1382 458 1406 497 ¹)
1436 475 1471 483 —-
1495 463 1534 493 ut

335 531 401 552 non
421 524 493 552 eius
513 530 586 559 cap.
609 524 646 551 V.
672 536 707 542 —
731 522 810 550 tunc
831 529 896 552 om.
920 525 956 553 V.
980 537 1017 544 —
1040 523 1265 559 Aqaturrmni
1279 525 1315 553 L.
1338 538 1373 544 —
1387 523 1534 559 Amatur-

333 583 407 612 rini
428 584 463 612 V.
480 597 513 603 —
530 582 741 612 lacedemonii
755 583 790 611 L.
808 583 844 611 V.
863 596 900 604 -
917 584 1051 613 Petroni
1072 584 1152 612 Aris
1167 584 1228 613 tote
1246 584 1353 620 aratis
1366 584 1403 612 L.
1428 597 1463 604 —
1488 583 1531 612 A·

333 643 447 672 ristoie
467 643 575 679 aratis
596 644 631 671 v.
658 657 693 664 —
716 644 835 673 unicae
855 646 891 673 L.
914 646 951 674 V.
976 658 1013 665 —
1035 645 1200 673 emulatus
1221 646 1259 673 L.·
1280 646 1317 674 V.
1343 658 1380 666 —
1405 644 1532 681 equales

333 703 452 733 desinit
481 705 518 733 V.
544 718 581 725 —
604 704 633 733 et
664 710 730 734 om.
761 719 797 726 —
829 706 900 742 Ipse
932 704 1017 735 idem
1040 719 1076 726 —
1099 705 1321 742 apetiihrasea
1356 718 1389 725 -
1421 705 1531 741 famae

331 765 443 801 pulch.
467 778 504 786 —
527 764 556 793 et
577 770 643 795 om.
667 779 704 785 —
727 765 894 794 sestercias
915 767 1012 795 vities
1033 780 1069 787 -
1093 766 1224 795 tantum
1248 779 1284 786 -
1306 765 1477 794 sertercias
1493 778 1530 787 —

335 825 452 854 centies
474 838 511 845 -
534 825 562 854 et
584 831 658 861 arq.
683 839 718 846 —
742 826 932 862 sepiiqenios
956 826 1097 862 crisippi
1120 839 1156 846 -
1179 825 1312 861 scripsit
1334 831 1398 854 om.
1424 839 1460 845 —
1483 825 1530 855 ibi

334 886 373 915 ut
403 886 501 921 quasi
528 885 664 921 finitum
694 900 730 907 -
762 887 982 916 contractavit
1011 901 1048 908 —
1080 887 1183 916 cessio
1205 901 1241 907 —
1265 887 1333 923 ipse
1363 886 1464 916 ederet
1491 901 1527 908 —

333 945 433 973 etiam
458 944 530 979 post
563 945 704 973 Flaccus
727 959 762 966 -
785 947 935 981 opericon
960 960 995 967 —
1018 953 1167 974 sororum
1194 946 1354 974 Thra-siae
1376 959 1412 967 —
1435 946 1530 976 abor-

332 1004 409 1034 terei
433 1017 468 1025 -
492 1003 577 1033 scola
601 1017 637 1024 -
662 1004 785 1033 Lucilii
807 1004 888 1033 libro
911 1019 947 1025 —
971 1006 1106 1044 satyras
1127 1018 1164 1027 -—
1186 1006 1393 1043 principium
1416 1019 1452 1027 —
1475 1006 1528 1037 de-

331 1065 495 1096 tractatus
517 1078 554 1085 -
577 1064 760 1094 recencium
784 1078 819 1085 —
840 1065 1026 1102 principem
1043 1065 1114 1100 post
1136 1066 1290 1103 temporis
1314 1081 1350 1087 —
1373 1067 1527 1104 inculpa-

330 1127 414 1156 verit
437 1140 473 1147 —
498 1125 647 1155 haberent
671 1139 706 1145 —
730 1132 770 1154 ne
791 1126 847 1155 hoc
869 1125 907 1155 in
927 1133 959 1156 se
980 1127 1065 1157 Nero
1086 1126 1220 1157 ductum
1241 1142 1283 1149 —
1306 1128 1529 1159 EXPLIGAT

333 1189 435 1219 V1TA
459 1188 589 1217 PERsl
610 1186 779 1224 ινιρᾼοοι.

374 1317 402 1359 ¹)
446 1318 508 1347 Hoc
529 1315 595 1348 loco
615 1314 727 1348 codices
755 1312 894 1347 confudit
923 1314 1154 1358 Oudendorpius
1175 1321 1207 1348 et
1229 1316 1300 1349 inde
1320 1316 1415 1349 etiam
1437 1315 1524 1349 Iahn.

330 1374 361 1401 et
382 1371 511 1402 Duentz.
